3842 5018
399 245 447 312 n
972 221 1144 306 ANNUS
1178 165 1267 321 854·
1390 161 1393 170 Ι

249 396 253 404 “
279 339 286 358 ⁴
393 377 464 460 Sed
483 373 529 458 de
544 371 600 456 hir
620 369 766 456 fortnffir
783 370 874 473 justo
886 371 1059 482 amplios,
1084 399 1165 457 non
1181 367 1375 473 injucunda
1399 381 1521 456 tumen
1537 369 1626 470 illia,
1653 368 1716 476 qui
1736 375 1847 458 Mur.

394 479 463 564 tini
481 464 583 580 hujus
601 473 875 558 luculentiorem
893 473 1062 557 nonnum
1079 475 1223 584 pridem
1243 472 1497 559 deiiderarunr.

397 659 1847 738 fflfflfflfflfflfflfflmmfflfflmnwfflfflffi

823 813 1047 968 Anu
1084 807 1204 920 us
1280 821 1405 954 854·

627 983 824 1078 lastislaus
875 981 1078 1101 Princeps
1134 977 1364 1076 Luczenfis
1423 982 1586 1101 armis,
1641 1013 1734 1104 quc
1783 989 1841 1080 ad

401 977 625 1346 W
661 1133 771 1218 hunc
796 1125 913 1218 diem
948 1123 1021 1216 scu
1048 1123 1268 1214 destitutus
1300 1152 1323 1211 a
1357 1119 1505 1238 sociis,
1541 1124 1615 1216 seu
1643 1123 1840 1220 Krzezo-
1914 1167 1917 1276 q

661 1268 791 1384 mysli
828 1285 949 1358 metu
979 1261 1214 1384 prcllcrat,
1275 1291 1386 1354 nunc
1416 1264 1588 1355 demum
1616 1287 1840 1360 contemta
1915 1279 1917 1372 l

397 1405 579 1527 Neklani
610 1435 697 1498 non
726 1387 1003 1500 adolescentia
1024 1405 1183 1520 magis,
1220 1431 1344 1522 quarn
1376 1400 1669 1526 somnolentia,
1691 1410 1838 1500 omnia

398 1568 572 1642 vertere
595 1545 778 1640 furiosus
797 1547 1004 1640 decrevit.
1076 1543 1335 1636 Convocatis
1356 1545 1634 1667 undequaque
1659 1549 1841 1640 cliente-

166 1676 386 1848 ffl'ffi
401 1691 453 1782 lis
477 1688 559 1781 suis
579 1691 623 1779 in
645 1690 850 1780 nrandatis
874 1688 964 1780 dat:
1004 1686 1225 1778 civitatem
1244 1681 1463 1779 Zatecium
1494 1685 1628 1778 solido
1645 1691 1839 1782 muniant
1915 1681 1917 1794 l

168 1829 230 1912 t'eu
247 1870 363 1938 appara.
383 1915 386 1920 ,
403 1857 573 1948 opere,
627 1856 773 1918 muros
804 1829 964 1948 aliaque
995 1827 1256 1917 munimenta
1296 1826 1623 1944 circumjiciant,
1670 1830 1840 1922 consilia
1872 1861 1876 1868 ¹

168 1955 348 2102 'ffikissfflq
403 1971 518 2062 enim
537 1965 606 2065 sua
625 1996 679 2061 eo
705 1966 916 2091 spectare,
953 1988 1001 2060 ut
1030 1967 1237 2059 terminos
1262 1962 1453 2058 Ducatus
1476 1965 1537 2060 sui
1557 1997 1634 2085 per
1653 1962 1840 2062 Bilinen-

401 2109 491 2203 sem
504 2181 518 2224 ,
561 2105 827 2227 Plfirensem,
877 2111 923 2202 &
955 2105 1220 2201 Pilecensem
1250 2109 1489 2225 provincias
1517 2109 1729 2227 proferat,
1777 2131 1838 2204 at-

289 2323 292 2336 ,
401 2280 485 2372 que
509 2251 537 2344 sr
563 2251 722 2350 aufibus
740 2253 804 2342 his
821 2279 908 2342 non
931 2251 1234 2352 inclementem
1265 2247 1478 2340 fortunam
1510 2251 1655 2344 matius
1676 2249 1836 2371 luerit,

399 2394 529 2486 etiam
555 2387 728 2507 Praganr
750 2393 983 2484 dominatui
1004 2387 1078 2482 suo
1096 2391 1274 2506 adjiciat.
1357 2385 1551 2493 Quorum
1578 2393 1750 2511 quidem
1774 2413 1838 2485 te·

398 2534 672 2625 merariorunr
694 2534 964 2624 moliminum
984 2561 1071 2622 non
1102 2531 1232 2626 modo
1267 2532 1428 2648 primos
1460 2534 1564 2624 aulae
1595 2529 1677 2626 suae
1708 2535 1842 2626 admi-

398 2678 547 2768 nistros
571 2683 833 2786 hortatoteS,
870 2671 943 2763 sed
969 2670 1246 2784 &adjutores
1281 2673 1450 2788 habuit,
1486 2676 1559 2793 qui
1592 2673 1681 2788 ejus
1713 2677 1840 2766 venia

401 2820 519 2915 omni
548 2835 668 2934 parte
704 2811 936 2908 solidiilima
972 2813 1096 2903 castra
1120 2813 1304 2902 excitata
1329 2809 1442 2904 follis
1464 2815 1671 2933 vallisque
1694 2815 1842 2908 cinxe-

400 2977 522 3072 runt,
561 2959 605 3050 lic
623 2958 836 3048 rnoenibus
860 2952 996 3046 saxeis
1034 2953 1419 3045 communiverunt.
1523 2949 1584 3048 Et
1606 2984 1842 3075 quanquam
1914 2999 1915 3074 q

400 3093 698 3211 Wlastislaus,
735 3097 807 3214 qui
841 3115 934 3186 tum
964 3094 1134 3186 sextum
1167 3093 1212 3186 iic
1242 3095 1487 3185 viccfimum
1520 3097 1655 3189 aetatis
1690 3125 1843 3192 annum

403 3235 674 3354 confecerat,
711 3234 989 3352 cognosceret
1015 3234 1195 3328 Neklani
1221 3236 1407 3338 animum
1428 3238 1588 3326 nonnisi
1614 3241 1845 3356 tranquilli-

241 3465 250 3476 .
399 3381 500 3470 tatis
528 3375 751 3471 studiosum
787 3376 899 3495 elle,
935 3380 1121 3498 nihilque
1156 3405 1242 3468 non
1274 3375 1507 3468 obmittere
1544 3378 1595 3468 ad
1629 3379 1742 3495 pacis
1777 3381 1843 3470 fir·

401 3521 548 3610 nranda
583 3519 771 3636 foedera,
809 3541 979 3637 tamen,
1018 3521 1132 3640 quod
1168 3517 1325 3608 ferocis
1359 3511 1464 3608 ellct
1486 3519 1673 3635 ingenii,
1716 3520 1762 3612 ta
1784 3517 1846 3612 le-

400 3660 489 3750 mel
516 3663 742 3753 alienarum
765 3681 971 3751 terrarum
1001 3687 1099 3751 eum
1133 3657 1268 3748 fames
1299 3655 1583 3776 corripuiffet,
1618 3661 1779 3752 nonnisi
1800 3663 1847 3754 in

305 3801 310 3807 ’
401 3799 512 3890 bella
532 3783 716 3892 ardebat.
789 3799 1020 3890 Condutiis
1038 3799 1239 3890 mercede
1262 3795 1392 3887 fabris
1411 3801 1567 3890 enfium
1591 3803 1846 3918 pugionum·

404 3967 487 4058 que
519 3941 736 4056 ingentem
769 3939 942 4049 conflari
972 3939 1096 4054 jubet
1129 3963 1375 4053 numerum,
1414 3937 1603 4032 l'cutariis
1632 3941 1698 4032 bis
1722 3944 1846 4034 mille

406 4081 584 4200 clypeos
623 4065 842 4202 peltasquc
876 4079 1073 4197 parandas
1107 4079 1310 4199 imperat,
1353 4106 1435 4171 nec
1468 4083 1607 4174 nrinor
1640 4110 1845 4178 numerus

1710 4242 1774 4318 te.
