3842 5018
496 349 499 354 -
652 293 873 376 Narrant
900 301 934 376 6.
1455 323 1502 397 ος

65 543 97 592 ,,
122 465 266 566 omnia
291 464 462 578 servet,
498 461 597 554 duna
622 487 704 577 ego
727 463 874 578 adim,
913 459 1017 552 mihi
1041 457 1128 580 ipse
1150 457 1350 554 auferam.
1411 456 1509 557 Vos

67 685 96 733 „
127 641 234 705 vero
267 595 401 732 (truci
414 601 576 696 ·sronte
606 631 800 731 uoceque
831 603 1026 694 iracunda
1061 605 1224 720 legatos
1260 591 1510 728 inclamans)

68 823 100 870 ,‚
127 751 294 866 inquit,
330 742 461 859 cursu,
484 772 602 862 quam
627 747 800 862 potestis
826 745 1029 859 maximo,
1065 746 1162 836 hinc
1184 745 1400 860 festinate,
1437 745 1512 836 nisr

73 962 104 1011 ‚,
130 885 328 980 mavultis
349 888 391 977 in
412 885 552 976 vicem
584 907 808 976 munerum
832 885 965 1004 capita
998 885 1043 976 in
1076 889 1214 1000 castris
1242 889 1350 980 meis
1388 886 1511 978 relin-

76 1099 107 1146 „
134 1053 272 1157 quere.
296 1095 323 1140 „
350 1015 401 1115 (⁶)
471 1021 516 1117 N
518 1055 569 1118 ec
592 1026 636 1115 in
653 1027 890 1142 perterritis
915 1025 1138 1144 quidquam
1163 1055 1320 1144 morae,
1358 1027 1510 1119 collec-

74 1171 135 1260 tis
158 1169 265 1257 illico
287 1163 478 1279 sarcinis,
501 1195 584 1257 nec
604 1157 780 1257 salutato
804 1167 847 1258 in
868 1167 983 1256 abitu
1005 1163 1131 1260 Duce
1152 1165 1407 1283 fugientium
1425 1171 1510 1262 ritu

74 1287 318 1428 periculose
344 1305 554 1423 eripiunt,
595 1297 869 1426 Neklanoque
907 1308 1131 1422 legationis
1171 1308 1253 1406 suae
1275 1309 1403 1402 irritae
1423 1311 1510 1428 ple-

73 1476 214 1567 naeque
237 1447 499 1563 indignitatis
522 1443 748 1539 succeffum
770 1467 975 1540 enarrant.
1088 1451 1173 1542 Sed
1196 1469 1360 1542 tantum
1383 1452 1509 1568 abest,

74 1608 120 1681 ut
145 1599 232 1682 hare
251 1589 438 1678 animum
471 1583 562 1701 ejus
601 1587 652 1677 ad
684 1589 935 1679 iracundiam
965 1589 1278 1710 vindiciamque
1308 1617 1502 1706 provoca·

74 1751 195 1854 rent,
231 1748 280 1821 ut
308 1729 437 1818 etiam
468 1723 711 1820 effeminati
738 1728 944 1852 fradique
987 1731 1127 1822 cordis
1163 1729 1223 1826 sui
1258 1729 1393 1852 palam
1422 1759 1511 1823 non

73 1873 242 1965 obscura
259 1871 383 1962 vultu
404 1869 514 1984 ligna
533 1871 695 1963 ederet.
899 1951 916 2002 χ
1065 1946 1069 1952 ,

70 2027 1511 2149 WWMWQQWWWWWWWQW

227 2229 462 2340 ANNUS
499 2227 657 2364 JESU
697 2223 965 2338 CHRISTI
1003 2227 1349 2340 DCCCLVII.

68 2429 401 2590 unuamorr
432 2431 514 2532 ur.
550 2425 831 2636 §AEPffl
852 2419 1170 2636 qqnqucr
1193 2429 1252 2526 n.
1289 2429 1415 2530 rur.
1461 2461 1505 2556 3.

67 2681 116 2785 (a)
252 2705 272 2760 e
296 2677 466 2758 univerfis
494 2679 601 2758 rebus
632 2677 717 2754 unni
742 2673 845 2776 hujus
876 2674 927 2754 uri
956 2684 992 2756 &
1018 2703 1198 2758 annorum
1221 2677 1385 2787 priorum
1414 2686 1506 2768 nihil

139 2685 243 2922 D
277 2780 437 2861 Cosrnas.
454 2777 1735 2904 DeWratislao,senWlastislao,nrhabentCosmaeemerr-Apudnnugfg

274 2881 438 2960 dationes
451 2909 495 2960 ex
511 2878 639 2968 codice
649 2879 1033 2959 Dresdensrlocuturus
1044 2882 1109 2960 ait:
1128 2893 1190 2962 Nec
1199 2884 1506 2998 strperfluumefflju·
1521 2906 1553 2966 T.
1571 2907 1630 2968 ΙΙΙ.

72 2987 317 3091 dicunus‚qaod
330 2991 479 3088 resmnre
488 2992 582 3087 fama
602 2983 791 3058 audivimus.
818 2986 864 3060 Er
881 2981 1028 3062 demum
1046 2985 1187 3087 inquit:
1216 2997 1276 3066 His
1292 2994 1505 3098 (Luczanis)
1517 3012 1614 3078 chron
1631 3017 1701 3084 Boi.

65 3095 189 3193 prasuit
198 3095 273 3163 oux
283 3097 407 3164 nominc
423 3090 585 3160 Wratt'slau
595 3093 648 3158 uir
656 3083 805 3184 bellicosus
814 3095 848 3160 in
856 3085 947 3177 bullis,
957 3099 1055 3164 armis
1064 3091 1227 3193 animastis,
1237 3117 1274 3170 ac
1282 3099 1408 3196 cansslfn
1404 3101 1505 3202 supr,
1512 3100 1531 3160 l.
1554 3117 1580 3164 ι.

70 3194 194 3268 modum
202 3186 940 3290 dolosur,satisqucimproliisselixputuiffitdici
961 3188 1504 3300 fisursfitpremanoncltufiffmrum

61 3295 124 3390 fine
134 3296 257 3394 insaliri.
271 3299 463 3366 Namcontra
473 3292 801 3392 Babcmussrrquentcr
807 3285 974 3390 firstrpcrut
986 3291 1103 3385 beidam,
1113 3295 1278 3400 &semper
1286 3302 1507 3402 Marresemn

71 3397 120 3486 da,
122 3417 221 3500 arque
232 3399 304 3466 Diis
313 3387 478 3491 auspicibus
481 3393 698 3489 pravaluerat,
715 3409 894 3494 terramque
903 3419 1007 3468 aarum
1008 3392 1087 3493 sape
1096 3401 1241 3500 ingreffirs
1247 3401 1386 3496 uadibus,
1402 3413 1508 3480 incen-

73 3499 130 3572 diis
142 3523 177 3570 ac
195 3503 316 3596 rapinis
334 3494 499 3567 crudeliter
508 3491 732 3592 maudaverat,
742 3490 785 3566 ἔθ’
803 3495 878 3591 ipsis
889 3497 996 3593 papuli
1007 3507 1160 3596 primates
1176 3513 1211 3576 in
1226 3525 1348 3578 tantum
1359 3509 1512 3606 praefidiis

71 3604 264 3688 attenuarat,
292 3615 330 3670 ut
349 3615 453 3695 parvo
470 3595 562 3692 claqt
583 3600 617 3666 in
635 3593 764 3692 oppido,
785 3597 880 3696 'quad
894 3597 1011 3670 dicitur
1028 3603 1250 3703 Leuigradcc,
1261 3607 1389 3702 ballium
1408 3617 1513 3686 inarar-

66 3703 157 3796 fianta
182 3708 329 3772 timerent
345 3697 464 3795 oppida.
541 3696 587 3769 Et
608 3688 786 3794 denique:
815 3699 929 3770 Neclan
947 3701 1047 3799 lepore
1058 3705 1232 3800 pavidior,
1258 3703 1302 3784 θ’
1311 3710 1417 3809 parda
1427 3717 1510 3818 firgo

71 3805 198 3875 uclocior
208 3817 352 3901 pugium
375 3806 585 3870 imminentem
602 3806 788 3894 pertimuit,
815 3793 858 3872 θ’
866 3798 946 3893 ficia
963 3801 1149 3896 infirmitate
1172 3817 1206 3884 in
1227 3811 1320 3908 cuflro
1330 3807 1509 3913 firprudiilo

72 3901 198 3980 delituit.
276 3901 366 3974 Hac
384 3898 492 3974 verba
510 3895 649 3972 Cofinae
677 3921 896 4001 argumento
929 3905 1059 4004 procul
1078 3903 1191 3986 dubio
1207 3909 1308 3990 fuere
1355 3909 1510 3993 oileriu-

71 3999 162 4080 ribus
179 3993 574 4116 scriptoribrrs‚·quud
589 3997 700 4075 scena
726 3997 906 4095 cujusdam
929 4027 1033 4082 more
1062 4005 1306 4107 deduxerunt,
1327 3940 1508 4094 listerus-

21 4135 26 4158 ι
74 4127 139 4202 qne
157 4099 394 4208 peculiaribus
412 4124 543 4176 nurum
561 4125 733 4198 quantum
761 4125 953 4196 auxerunt,
979 4127 1127 4218 quarum
1145 4139 1193 4195 ne
1210 4114 1407 4196 Dalemilus
1422 4115 1505 4218 qui·

77 4203 151 4280 dern
167 4203 305 4296 adhuc,
334 4227 452 4280 rerum
470 4199 647 4293 eiusmodi
664 4227 870 4300 acervaror,
896 4206 1072 4294 rnernmit.
1486 4209 1490 4226 ’

117 4307 209 4388 unas
227 4309 290 4390 111.
312 4309 460 4389 annun.
479 4305 621 4388 linoae.
782 4305 820 4388 D
1321 4313 1456 4396 ΡΜ.
