<?xml version="1.0" encoding="UTF-8"?>
<!DOCTYPE html PUBLIC "-//W3C//DTD XHTML 1.0 Transitional//EN"
    "http://www.w3.org/TR/xhtml1/DTD/xhtml1-transitional.dtd">
<html xmlns="http://www.w3.org/1999/xhtml" xml:lang="en" lang="en">
 <head>
  <title>
</title>
<meta http-equiv="Content-Type" content="text/html;charset=utf-8" />
  <meta name='ocr-system' content='tesseract 3.04.00' />
  <meta name='ocr-capabilities' content='ocr_page ocr_carea ocr_par ocr_line ocrx_word'/>
</head>
<body>
  <div class='ocr_page' id='page_1' title='image "annalesbohemoru00dobngoog_0057.png"; bbox 0 0 3842 5018; ppageno 0'>
   <div class='ocr_carea' id='block_1_1' title="bbox 420 266 1280 371">
    <p class='ocr_par' dir='ltr' id='par_1_1' title="bbox 420 266 1280 371">
     <span class='ocr_line' id='line_1_1' title="bbox 420 266 1280 371; baseline 0.014 -13"><span class='ocrx_word' id='word_1_1' title='bbox 420 293 472 371; x_wconf 77' lang='lat'>⁸4</span> <span class='ocrx_word' id='word_1_2' title='bbox 824 288 829 305; x_wconf 65' lang='grc'><strong>“</strong></span> <span class='ocrx_word' id='word_1_3' title='bbox 989 266 1158 354; x_wconf 73' lang='lat' dir='ltr'>durus</span> <span class='ocrx_word' id='word_1_4' title='bbox 1190 283 1280 369; x_wconf 78' lang='lat'>857</span> 
     </span>
    </p>
   </div>
   <div class='ocr_carea' id='block_1_2' title="bbox 128 401 1905 4360">
    <p class='ocr_par' dir='ltr' id='par_1_2' title="bbox 128 401 1905 4360">
     <span class='ocr_line' id='line_1_2' title="bbox 128 401 1873 608; baseline 0.002 -80.128"><span class='ocrx_word' id='word_1_5' title='bbox 128 437 297 608; x_wconf 47' lang='lat' dir='ltr'>{¹715qu</span> <span class='ocrx_word' id='word_1_6' title='bbox 298 437 374 590; x_wconf 50' lang='lat'>&#39;¹⁴¹</span> <span class='ocrx_word' id='word_1_7' title='bbox 418 508 448 556; x_wconf 84' lang='lat'>‚,</span> <span class='ocrx_word' id='word_1_8' title='bbox 472 427 736 528; x_wconf 80' lang='lat' dir='ltr'>excidiss&#39;e.</span> <span class='ocrx_word' id='word_1_9' title='bbox 675 501 737 548; x_wconf 89' lang='lat'>.‚,</span> <span class='ocrx_word' id='word_1_10' title='bbox 843 425 922 526; x_wconf 88' lang='lat' dir='ltr'>Ad</span> <span class='ocrx_word' id='word_1_11' title='bbox 951 440 1040 526; x_wconf 78' lang='lat' dir='ltr'>hac</span> <span class='ocrx_word' id='word_1_12' title='bbox 1065 436 1139 529; x_wconf 85' lang='lat' dir='ltr'>ille</span> <span class='ocrx_word' id='word_1_13' title='bbox 1167 439 1449 528; x_wconf 64' lang='lat' dir='ltr'>coadunatus</span> <span class='ocrx_word' id='word_1_14' title='bbox 1482 401 1666 530; x_wconf 83' lang='lat' dir='ltr'>multum</span> <span class='ocrx_word' id='word_1_15' title='bbox 1697 438 1873 559; x_wconf 84' lang='lat' dir='ltr'>animo,</span> 
     </span>
     <span class='ocr_line' id='line_1_3' title="bbox 181 559 1869 700; baseline -0.002 -24"><span class='ocrx_word' id='word_1_16' title='bbox 181 614 391 700; x_wconf 52' lang='lat' dir='ltr'>ermagora</span> <span class='ocrx_word' id='word_1_17' title='bbox 417 578 670 676; x_wconf 88' lang='lat' dir='ltr'>hilaritatem</span> <span class='ocrx_word' id='word_1_18' title='bbox 700 597 843 668; x_wconf 85' lang='lat' dir='ltr'>tamen</span> <span class='ocrx_word' id='word_1_19' title='bbox 876 579 1001 670; x_wconf 88' lang='lat' dir='ltr'>vultu</span> <span class='ocrx_word' id='word_1_20' title='bbox 1034 571 1289 695; x_wconf 89' lang='lat' dir='ltr'>effingebat,</span> <span class='ocrx_word' id='word_1_21' title='bbox 1325 559 1624 698; x_wconf 81' lang='lat' dir='ltr'>pollicitusque</span> <span class='ocrx_word' id='word_1_22' title='bbox 1651 581 1711 670; x_wconf 87' lang='lat' dir='ltr'>est</span> <span class='ocrx_word' id='word_1_23' title='bbox 1734 581 1869 694; x_wconf 83' lang='lat' dir='ltr'>ador-</span> 
     </span>
     <span class='ocr_line' id='line_1_4' title="bbox 417 715 1859 838; baseline 0.005 -28"><span class='ocrx_word' id='word_1_24' title='bbox 417 741 612 810; x_wconf 85' lang='lat' dir='ltr'>natarum</span> <span class='ocrx_word' id='word_1_25' title='bbox 643 716 687 808; x_wconf 86' lang='lat' dir='ltr'>se</span> <span class='ocrx_word' id='word_1_26' title='bbox 721 745 818 808; x_wconf 89' lang='lat' dir='ltr'>cum</span> <span class='ocrx_word' id='word_1_27' title='bbox 852 715 1106 834; x_wconf 83' lang='lat' dir='ltr'>amplidiuais</span> <span class='ocrx_word' id='word_1_28' title='bbox 1138 721 1381 814; x_wconf 88' lang='lat' dir='ltr'>muneribus</span> <span class='ocrx_word' id='word_1_29' title='bbox 1402 720 1686 836; x_wconf 83' lang='lat' dir='ltr'>legationem,</span> <span class='ocrx_word' id='word_1_30' title='bbox 1713 749 1859 838; x_wconf 88' lang='lat' dir='ltr'>quam</span> 
     </span>
     <span class='ocr_line' id='line_1_5' title="bbox 417 855 1860 982; baseline 0.003 -32"><span class='ocrx_word' id='word_1_31' title='bbox 417 859 653 952; x_wconf 86' lang='lat' dir='ltr'>confideret</span> <span class='ocrx_word' id='word_1_32' title='bbox 683 859 810 948; x_wconf 88' lang='lat' dir='ltr'>finem</span> <span class='ocrx_word' id='word_1_33' title='bbox 842 858 958 948; x_wconf 87' lang='lat' dir='ltr'>bello</span> <span class='ocrx_word' id='word_1_34' title='bbox 992 855 1207 952; x_wconf 74' lang='lat' dir='ltr'>faciuram.</span> <span class='ocrx_word' id='word_1_35' title='bbox 1253 897 1258 904; x_wconf 95' lang='lat'><em>·</em></span> <span class='ocrx_word' id='word_1_36' title='bbox 1320 856 1540 953; x_wconf 87' lang='lat' dir='ltr'>Videbant</span> <span class='ocrx_word' id='word_1_37' title='bbox 1574 859 1739 977; x_wconf 68' lang='lat' dir='ltr'>cuncti,</span> <span class='ocrx_word' id='word_1_38' title='bbox 1778 866 1860 982; x_wconf 93' lang='lat' dir='ltr'>qui</span> 
     </span>
     <span class='ocr_line' id='line_1_6' title="bbox 416 997 1857 1130; baseline 0.004 -38"><span class='ocrx_word' id='word_1_39' title='bbox 416 999 610 1116; x_wconf 88' lang='lat' dir='ltr'>aderant,</span> <span class='ocrx_word' id='word_1_40' title='bbox 660 997 711 1092; x_wconf 84' lang='lat' dir='ltr'>ea</span> <span class='ocrx_word' id='word_1_41' title='bbox 738 998 1040 1130; x_wconf 75' lang='lat' dir='ltr'>nundinatione</span> <span class='ocrx_word' id='word_1_42' title='bbox 1070 1026 1210 1118; x_wconf 91' lang='lat' dir='ltr'>neque</span> <span class='ocrx_word' id='word_1_43' title='bbox 1237 1027 1386 1118; x_wconf 80' lang='lat' dir='ltr'><strong>pacem</strong></span> <span class='ocrx_word' id='word_1_44' title='bbox 1420 1011 1654 1096; x_wconf 88' lang='lat' dir='ltr'>mercatum</span> <span class='ocrx_word' id='word_1_45' title='bbox 1687 1001 1766 1118; x_wconf 90' lang='lat' dir='ltr'>iri,</span> <span class='ocrx_word' id='word_1_46' title='bbox 1806 1005 1857 1098; x_wconf 75' lang='lat' dir='ltr'>dc</span> 
     </span>
     <span class='ocr_line' id='line_1_7' title="bbox 414 1071 1857 1278; baseline 0.002 -46"><span class='ocrx_word' id='word_1_47' title='bbox 414 1139 530 1264; x_wconf 81' lang='lat' dir='ltr'>poss&#39;e</span> <span class='ocrx_word' id='word_1_48' title='bbox 560 1141 864 1256; x_wconf 82' lang='lat' dir='ltr'>largitionem</span> <span class='ocrx_word' id='word_1_49' title='bbox 852 1169 899 1243; x_wconf 71' lang='grc' dir='ltr'>ιιι</span> <span class='ocrx_word' id='word_1_50' title='bbox 929 1139 1038 1232; x_wconf 90' lang='lat' dir='ltr'>aliud</span> <span class='ocrx_word' id='word_1_51' title='bbox 1062 1142 1229 1278; x_wconf 89' lang='lat' dir='ltr'>quidvis</span> <span class='ocrx_word' id='word_1_52' title='bbox 1255 1141 1398 1232; x_wconf 78' lang='lat' dir='ltr'>murus</span> <span class='ocrx_word' id='word_1_53' title='bbox 1419 1142 1563 1257; x_wconf 80' lang='lat' dir='ltr'>perdi3</span> <span class='ocrx_word' id='word_1_54' title='bbox 1600 1139 1672 1232; x_wconf 83' lang='lat' dir='ltr'>sed</span> <span class='ocrx_word' id='word_1_55' title='bbox 1694 1071 1857 1235; x_wconf 85' lang='lat' dir='ltr'>ceden-</span> 
     </span>
     <span class='ocr_line' id='line_1_8' title="bbox 415 1276 1857 1400; baseline 0.003 -26"><span class='ocrx_word' id='word_1_56' title='bbox 415 1283 517 1374; x_wconf 89' lang='lat' dir='ltr'>dum</span> <span class='ocrx_word' id='word_1_57' title='bbox 548 1309 704 1398; x_wconf 86' lang='lat' dir='ltr'>nempe</span> <span class='ocrx_word' id='word_1_58' title='bbox 738 1279 820 1372; x_wconf 85' lang='lat' dir='ltr'>fuit</span> <span class='ocrx_word' id='word_1_59' title='bbox 852 1283 998 1398; x_wconf 88' lang='lat' dir='ltr'>pavori</span> <span class='ocrx_word' id='word_1_60' title='bbox 1026 1301 1113 1376; x_wconf 85' lang='lat' dir='ltr'>tatu</span> <span class='ocrx_word' id='word_1_61' title='bbox 1146 1279 1385 1372; x_wconf 83' lang='lat' dir='ltr'>contumaci</span> <span class='ocrx_word' id='word_1_62' title='bbox 1410 1276 1643 1398; x_wconf 87' lang='lat' dir='ltr'>Principis,</span> <span class='ocrx_word' id='word_1_63' title='bbox 1681 1284 1754 1400; x_wconf 92' lang='lat' dir='ltr'>qui</span> <span class='ocrx_word' id='word_1_64' title='bbox 1775 1287 1857 1379; x_wconf 87' lang='lat' dir='ltr'>vel</span> 
     </span>
     <span class='ocr_line' id='line_1_9' title="bbox 412 1417 1857 1542; baseline 0.002 -28"><span class='ocrx_word' id='word_1_65' title='bbox 412 1423 517 1514; x_wconf 90' lang='lat' dir='ltr'>belli</span> <span class='ocrx_word' id='word_1_66' title='bbox 546 1449 702 1512; x_wconf 88' lang='lat' dir='ltr'>nomen</span> <span class='ocrx_word' id='word_1_67' title='bbox 729 1421 849 1516; x_wconf 85' lang='lat' dir='ltr'>instar</span> <span class='ocrx_word' id='word_1_68' title='bbox 878 1422 1008 1512; x_wconf 88' lang='lat' dir='ltr'>cladis</span> <span class='ocrx_word' id='word_1_69' title='bbox 1038 1422 1227 1514; x_wconf 90' lang='lat' dir='ltr'>duceret.</span> <span class='ocrx_word' id='word_1_70' title='bbox 1335 1417 1558 1512; x_wconf 87' lang='lat' dir='ltr'>Nominati</span> <span class='ocrx_word' id='word_1_71' title='bbox 1580 1423 1740 1537; x_wconf 87' lang='lat' dir='ltr'>statim,</span> <span class='ocrx_word' id='word_1_72' title='bbox 1777 1429 1857 1542; x_wconf 93' lang='lat' dir='ltr'>qui</span> 
     </span>
     <span class='ocr_line' id='line_1_10' title="bbox 414 1559 1854 1699; baseline 0.002 -44"><span class='ocrx_word' id='word_1_73' title='bbox 414 1565 522 1655; x_wconf 90' lang='lat' dir='ltr'>dona</span> <span class='ocrx_word' id='word_1_74' title='bbox 547 1561 709 1654; x_wconf 84' lang='lat' dir='ltr'>ferrent</span> <span class='ocrx_word' id='word_1_75' title='bbox 732 1559 963 1654; x_wconf 83' lang='lat' dir='ltr'>Procerum</span> <span class='ocrx_word' id='word_1_76' title='bbox 981 1563 1131 1686; x_wconf 89' lang='lat' dir='ltr'>primi,</span> <span class='ocrx_word' id='word_1_77' title='bbox 1157 1564 1377 1699; x_wconf 78' lang='lat' dir='ltr'>depromta</span> <span class='ocrx_word' id='word_1_78' title='bbox 1398 1589 1568 1680; x_wconf 90' lang='lat' dir='ltr'>quoque</span> <span class='ocrx_word' id='word_1_79' title='bbox 1592 1589 1764 1652; x_wconf 89' lang='lat' dir='ltr'>munera</span> <span class='ocrx_word' id='word_1_80' title='bbox 1791 1593 1854 1658; x_wconf 85' lang='lat' dir='ltr'>ex</span> 
     </span>
     <span class='ocr_line' id='line_1_11' title="bbox 412 1701 1851 1822; baseline -0.001 -26"><span class='ocrx_word' id='word_1_81' title='bbox 412 1701 744 1796; x_wconf 81' lang='lat' dir='ltr'>Wilielrradensr</span> <span class='ocrx_word' id='word_1_82' title='bbox 762 1731 885 1816; x_wconf 78' lang='lat' dir='ltr'>gaza:</span> <span class='ocrx_word' id='word_1_83' title='bbox 921 1729 1063 1794; x_wconf 90' lang='lat' dir='ltr'>aurum</span> <span class='ocrx_word' id='word_1_84' title='bbox 1087 1703 1138 1792; x_wconf 91' lang='lat' dir='ltr'>ad</span> <span class='ocrx_word' id='word_1_85' title='bbox 1155 1703 1250 1818; x_wconf 89' lang='lat' dir='ltr'>justi</span> <span class='ocrx_word' id='word_1_86' title='bbox 1267 1701 1415 1794; x_wconf 90' lang='lat' dir='ltr'>militis</span> <span class='ocrx_word' id='word_1_87' title='bbox 1437 1702 1601 1820; x_wconf 83' lang='lat' dir='ltr'>pondus</span> <span class='ocrx_word' id='word_1_88' title='bbox 1632 1704 1851 1822; x_wconf 86' lang='lat' dir='ltr'>librarum,</span> 
     </span>
     <span class='ocr_line' id='line_1_12' title="bbox 258 1843 1855 1960; baseline -0.001 -22"><span class='ocrx_word' id='word_1_89' title='bbox 258 1901 261 1910; x_wconf 40' lang='lat'><strong><em>⁴</em></strong></span> <span class='ocrx_word' id='word_1_90' title='bbox 413 1873 471 1938; x_wconf 84' lang='lat' dir='ltr'>ex</span> <span class='ocrx_word' id='word_1_91' title='bbox 493 1843 698 1959; x_wconf 89' lang='lat' dir='ltr'>Principis</span> <span class='ocrx_word' id='word_1_92' title='bbox 719 1844 848 1958; x_wconf 89' lang='lat' dir='ltr'>equ&#39;di</span> <span class='ocrx_word' id='word_1_93' title='bbox 870 1843 1019 1934; x_wconf 87' lang='lat' dir='ltr'>decem</span> <span class='ocrx_word' id='word_1_94' title='bbox 1043 1844 1270 1933; x_wconf 88' lang='lat' dir='ltr'>bellatores</span> <span class='ocrx_word' id='word_1_95' title='bbox 1293 1843 1406 1960; x_wconf 87' lang='lat' dir='ltr'>equi,</span> <span class='ocrx_word' id='word_1_96' title='bbox 1449 1870 1506 1932; x_wconf 83' lang='lat' dir='ltr'>ex</span> <span class='ocrx_word' id='word_1_97' title='bbox 1528 1847 1855 1938; x_wconf 88' lang='lat' dir='ltr'>armamentario</span> 
     </span>
     <span class='ocr_line' id='line_1_13' title="bbox 413 1982 1905 2112; baseline 0.002 -38"><span class='ocrx_word' id='word_1_98' title='bbox 413 1983 710 2104; x_wconf 89' lang='lat' dir='ltr'>quinquaginta</span> <span class='ocrx_word' id='word_1_99' title='bbox 733 1990 926 2072; x_wconf 86' lang='lat' dir='ltr'>thoraces</span> <span class='ocrx_word' id='word_1_100' title='bbox 948 1982 1089 2098; x_wconf 85' lang='lat' dir='ltr'>picei,</span> <span class='ocrx_word' id='word_1_101' title='bbox 1113 1983 1381 2102; x_wconf 89' lang='lat' dir='ltr'>totidemque</span> <span class='ocrx_word' id='word_1_102' title='bbox 1402 1983 1541 2072; x_wconf 83' lang='lat' dir='ltr'>loricae</span> <span class='ocrx_word' id='word_1_103' title='bbox 1564 1985 1849 2100; x_wconf 75' lang='lat' dir='ltr'>cataplrradiae.</span> <span class='ocrx_word' id='word_1_104' title='bbox 1904 2057 1905 2112; x_wconf 24' lang='grc' dir='ltr'>ἦ</span> 
     </span>
     <span class='ocr_line' id='line_1_14' title="bbox 413 2121 1851 2250; baseline 0.003 -35"><span class='ocrx_word' id='word_1_105' title='bbox 413 2126 522 2250; x_wconf 79' lang='lat' dir='ltr'>Cum</span> <span class='ocrx_word' id='word_1_106' title='bbox 544 2125 661 2216; x_wconf 86' lang='lat' dir='ltr'>hisce</span> <span class='ocrx_word' id='word_1_107' title='bbox 688 2125 814 2214; x_wconf 87' lang='lat' dir='ltr'>rebus</span> <span class='ocrx_word' id='word_1_108' title='bbox 832 2121 1015 2240; x_wconf 76' lang='lat' dir='ltr'>profecti</span> <span class='ocrx_word' id='word_1_109' title='bbox 1036 2124 1087 2214; x_wconf 92' lang='lat' dir='ltr'>ad</span> <span class='ocrx_word' id='word_1_110' title='bbox 1112 2122 1399 2214; x_wconf 83' lang='lat' dir='ltr'>Wlastislaum</span> <span class='ocrx_word' id='word_1_111' title='bbox 1418 2123 1573 2239; x_wconf 86' lang='lat' dir='ltr'>legati,</span> <span class='ocrx_word' id='word_1_112' title='bbox 1606 2121 1851 2243; x_wconf 86' lang='lat' dir='ltr'>adurillique</span> 
     </span>
     <span class='ocr_line' id='line_1_15' title="bbox 411 2261 1850 2396; baseline 0.001 -38"><span class='ocrx_word' id='word_1_113' title='bbox 411 2293 500 2358; x_wconf 90' lang='grc' dir='ltr'>ιιοιι</span> <span class='ocrx_word' id='word_1_114' title='bbox 529 2264 802 2374; x_wconf 83' lang='lat' dir='ltr'>mediocriter</span> <span class='ocrx_word' id='word_1_115' title='bbox 836 2262 1033 2356; x_wconf 87' lang='lat' dir='ltr'>exterriti</span> <span class='ocrx_word' id='word_1_116' title='bbox 1066 2263 1186 2379; x_wconf 84' lang='lat' dir='ltr'>sunt,</span> <span class='ocrx_word' id='word_1_117' title='bbox 1222 2265 1297 2354; x_wconf 92' lang='lat' dir='ltr'>ubi</span> <span class='ocrx_word' id='word_1_118' title='bbox 1318 2261 1552 2354; x_wconf 89' lang='lat' dir='ltr'>Wlastislai</span> <span class='ocrx_word' id='word_1_119' title='bbox 1577 2261 1686 2355; x_wconf 85' lang='lat' dir='ltr'>sellae</span> <span class='ocrx_word' id='word_1_120' title='bbox 1710 2293 1850 2396; x_wconf 80' lang='lat' dir='ltr'>aureae</span> 
     </span>
     <span class='ocr_line' id='line_1_16' title="bbox 411 2401 1848 2523; baseline 0.001 -25"><span class='ocrx_word' id='word_1_121' title='bbox 411 2405 627 2498; x_wconf 78' lang='lat' dir='ltr'>insidentis</span> <span class='ocrx_word' id='word_1_122' title='bbox 650 2405 757 2523; x_wconf 83' lang='lat' dir='ltr'>quast</span> <span class='ocrx_word' id='word_1_123' title='bbox 780 2401 1033 2496; x_wconf 83' lang='lat' dir='ltr'>fulmineum</span> <span class='ocrx_word' id='word_1_124' title='bbox 1053 2404 1329 2522; x_wconf 89' lang='lat' dir='ltr'>contemplati</span> <span class='ocrx_word' id='word_1_125' title='bbox 1354 2402 1448 2494; x_wconf 89' lang='lat' dir='ltr'>sunt</span> <span class='ocrx_word' id='word_1_126' title='bbox 1475 2405 1653 2495; x_wconf 89' lang='lat' dir='ltr'>vultum.</span> <span class='ocrx_word' id='word_1_127' title='bbox 1700 2401 1848 2500; x_wconf 79' lang='lat' dir='ltr'>Prelio</span> 
     </span>
     <span class='ocr_line' id='line_1_17' title="bbox 411 2543 1849 2676; baseline 0.001 -38"><span class='ocrx_word' id='word_1_128' title='bbox 411 2547 602 2638; x_wconf 86' lang='lat' dir='ltr'>nonnihil</span> <span class='ocrx_word' id='word_1_129' title='bbox 622 2565 786 2676; x_wconf 73' lang='lat' dir='ltr'>terrore</span> <span class='ocrx_word' id='word_1_130' title='bbox 819 2546 1041 2660; x_wconf 86' lang='lat' dir='ltr'>legationis</span> <span class='ocrx_word' id='word_1_131' title='bbox 1079 2571 1252 2668; x_wconf 82' lang='lat' dir='ltr'>munera</span> <span class='ocrx_word' id='word_1_132' title='bbox 1281 2545 1518 2659; x_wconf 78' lang='lat' dir='ltr'>explicant,</span> <span class='ocrx_word' id='word_1_133' title='bbox 1556 2543 1849 2666; x_wconf 85' lang='lat' dir='ltr'>supplicesque</span> 
     </span>
     <span class='ocr_line' id='line_1_18' title="bbox 410 2681 1847 2808; baseline 0.001 -30"><span class='ocrx_word' id='word_1_134' title='bbox 410 2715 584 2808; x_wconf 83' lang='lat' dir='ltr'>pacem,</span> <span class='ocrx_word' id='word_1_135' title='bbox 620 2687 902 2803; x_wconf 76' lang='lat' dir='ltr'>amicitiasque</span> <span class='ocrx_word' id='word_1_136' title='bbox 932 2681 1093 2776; x_wconf 76' lang='lat' dir='ltr'>foedera</span> <span class='ocrx_word' id='word_1_137' title='bbox 1119 2681 1364 2800; x_wconf 83' lang='lat' dir='ltr'>exposcunt.</span> <span class='ocrx_word' id='word_1_138' title='bbox 1473 2681 1687 2775; x_wconf 89' lang='lat' dir='ltr'>Subticuit</span> <span class='ocrx_word' id='word_1_139' title='bbox 1713 2687 1764 2776; x_wconf 92' lang='lat' dir='ltr'>ad</span> <span class='ocrx_word' id='word_1_140' title='bbox 1799 2717 1847 2780; x_wconf 86' lang='lat' dir='ltr'>ea</span> 
     </span>
     <span class='ocr_line' id='line_1_19' title="bbox 408 2819 1848 2948; baseline -0.001 -28"><span class='ocrx_word' id='word_1_141' title='bbox 408 2827 614 2948; x_wconf 89' lang='lat' dir='ltr'>paulisper</span> <span class='ocrx_word' id='word_1_142' title='bbox 623 2825 908 2940; x_wconf 77' lang='lat' dir='ltr'>wladislaus,</span> <span class='ocrx_word' id='word_1_143' title='bbox 928 2843 1020 2915; x_wconf 87' lang='lat' dir='ltr'>tum</span> <span class='ocrx_word' id='word_1_144' title='bbox 1045 2851 1151 2914; x_wconf 90' lang='lat' dir='ltr'>vero</span> <span class='ocrx_word' id='word_1_145' title='bbox 1175 2823 1288 2918; x_wconf 86' lang='lat' dir='ltr'>infit:</span> <span class='ocrx_word' id='word_1_146' title='bbox 1325 2893 1353 2942; x_wconf 91' lang='lat'><strong>„</strong></span> <span class='ocrx_word' id='word_1_147' title='bbox 1376 2819 1578 2941; x_wconf 89' lang='lat' dir='ltr'>Princeps</span> <span class='ocrx_word' id='word_1_148' title='bbox 1599 2827 1737 2917; x_wconf 87' lang='lat' dir='ltr'>vester</span> <span class='ocrx_word' id='word_1_149' title='bbox 1759 2825 1848 2920; x_wconf 85' lang='lat' dir='ltr'>Ne·</span> 
     </span>
     <span class='ocr_line' id='line_1_20' title="bbox 410 2961 1846 3092; baseline 0 -32"><span class='ocrx_word' id='word_1_150' title='bbox 410 3039 442 3092; x_wconf 87' lang='lat'>„</span> <span class='ocrx_word' id='word_1_151' title='bbox 463 2971 609 3062; x_wconf 78' lang='lat' dir='ltr'>lunas</span> <span class='ocrx_word' id='word_1_152' title='bbox 621 2961 1193 3084; x_wconf 86' lang='lat' dir='ltr'>plenusinconfideratiflimae</span> <span class='ocrx_word' id='word_1_153' title='bbox 1205 2995 1253 3054; x_wconf 92' lang='lat' dir='ltr'>ac</span> <span class='ocrx_word' id='word_1_154' title='bbox 1266 2962 1579 3058; x_wconf 79' lang='lat' dir='ltr'>dementillimae</span> <span class='ocrx_word' id='word_1_155' title='bbox 1591 2968 1846 3064; x_wconf 89' lang='lat' dir='ltr'>temeritatis</span> 
     </span>
     <span class='ocr_line' id='line_1_21' title="bbox 408 3105 1844 3234; baseline -0.003 -34"><span class='ocrx_word' id='word_1_156' title='bbox 408 3179 441 3234; x_wconf 85' lang='lat'>,‚</span> <span class='ocrx_word' id='word_1_157' title='bbox 464 3137 639 3200; x_wconf 85' lang='lat' dir='ltr'>naunera</span> <span class='ocrx_word' id='word_1_158' title='bbox 661 3117 750 3200; x_wconf 85' lang='lat' dir='ltr'>haec</span> <span class='ocrx_word' id='word_1_159' title='bbox 770 3105 893 3216; x_wconf 88' lang='lat' dir='ltr'>mifit,</span> <span class='ocrx_word' id='word_1_160' title='bbox 927 3133 1019 3222; x_wconf 85' lang='lat' dir='ltr'>quae</span> <span class='ocrx_word' id='word_1_161' title='bbox 1042 3131 1113 3196; x_wconf 90' lang='lat' dir='ltr'>me</span> <span class='ocrx_word' id='word_1_162' title='bbox 1138 3135 1223 3202; x_wconf 89' lang='lat' dir='ltr'>non</span> <span class='ocrx_word' id='word_1_163' title='bbox 1246 3126 1332 3199; x_wconf 89' lang='lat' dir='ltr'>tarn</span> <span class='ocrx_word' id='word_1_164' title='bbox 1360 3107 1582 3225; x_wconf 84' lang='lat' dir='ltr'>placatum,</span> <span class='ocrx_word' id='word_1_165' title='bbox 1617 3105 1691 3198; x_wconf 89' lang='lat' dir='ltr'>sed</span> <span class='ocrx_word' id='word_1_166' title='bbox 1713 3109 1844 3224; x_wconf 86' lang='lat' dir='ltr'>magis</span> 
     </span>
     <span class='ocr_line' id='line_1_22' title="bbox 409 3243 1843 3372; baseline 0.004 -34"><span class='ocrx_word' id='word_1_167' title='bbox 409 3319 440 3372; x_wconf 84' lang='lat'>,‚</span> <span class='ocrx_word' id='word_1_168' title='bbox 463 3249 681 3364; x_wconf 81' lang='lat' dir='ltr'>magisque</span> <span class='ocrx_word' id='word_1_169' title='bbox 703 3245 910 3338; x_wconf 87' lang='lat' dir='ltr'>irritatum</span> <span class='ocrx_word' id='word_1_170' title='bbox 924 3248 1113 3340; x_wconf 87' lang='lat' dir='ltr'>reddant.</span> <span class='ocrx_word' id='word_1_171' title='bbox 1187 3243 1389 3361; x_wconf 87' lang='lat' dir='ltr'>Intellig&#39;o</span> <span class='ocrx_word' id='word_1_172' title='bbox 1411 3244 1505 3338; x_wconf 88' lang='lat' dir='ltr'>sane</span> <span class='ocrx_word' id='word_1_173' title='bbox 1517 3317 1531 3362; x_wconf 92' lang='lat'>,</span> <span class='ocrx_word' id='word_1_174' title='bbox 1565 3275 1646 3339; x_wconf 89' lang='lat' dir='ltr'>nec</span> <span class='ocrx_word' id='word_1_175' title='bbox 1670 3277 1843 3344; x_wconf 89' lang='lat' dir='ltr'>omnem</span> 
     </span>
     <span class='ocr_line' id='line_1_23' title="bbox 408 3384 1841 3513; baseline 0.001 -33"><span class='ocrx_word' id='word_1_176' title='bbox 408 3461 441 3513; x_wconf 82' lang='lat'>„</span> <span class='ocrx_word' id='word_1_177' title='bbox 465 3415 557 3480; x_wconf 90' lang='lat' dir='ltr'>eam</span> <span class='ocrx_word' id='word_1_178' title='bbox 573 3412 716 3502; x_wconf 86' lang='lat' dir='ltr'>gazam</span> <span class='ocrx_word' id='word_1_179' title='bbox 739 3384 1125 3482; x_wconf 82' lang='lat' dir='ltr'>Wiilehradenseu&#39;r</span> <span class='ocrx_word' id='word_1_180' title='bbox 1148 3385 1258 3506; x_wconf 85' lang='lat' dir='ltr'>elle,</span> <span class='ocrx_word' id='word_1_181' title='bbox 1296 3415 1418 3506; x_wconf 89' lang='lat' dir='ltr'>quam</span> <span class='ocrx_word' id='word_1_182' title='bbox 1441 3388 1509 3480; x_wconf 92' lang='lat' dir='ltr'>hic</span> <span class='ocrx_word' id='word_1_183' title='bbox 1529 3389 1725 3505; x_wconf 90' lang='lat' dir='ltr'>intueor,</span> <span class='ocrx_word' id='word_1_184' title='bbox 1763 3419 1841 3482; x_wconf 88' lang='lat' dir='ltr'>aec</span> 
     </span>
     <span class='ocr_line' id='line_1_24' title="bbox 409 3529 1841 3652; baseline 0 -30"><span class='ocrx_word' id='word_1_185' title='bbox 409 3531 615 3652; x_wconf 88' lang='lat' dir='ltr'>„equilis</span> <span class='ocrx_word' id='word_1_186' title='bbox 647 3531 735 3650; x_wconf 88' lang='lat' dir='ltr'>sui,</span> <span class='ocrx_word' id='word_1_187' title='bbox 784 3531 1176 3650; x_wconf 86' lang='lat' dir='ltr'>aruramentariique</span> <span class='ocrx_word' id='word_1_188' title='bbox 1201 3529 1433 3623; x_wconf 60' lang='lat' dir='ltr'>lumniam:</span> <span class='ocrx_word' id='word_1_189' title='bbox 1525 3529 1720 3624; x_wconf 83' lang='lat' dir='ltr'>Auferte</span> <span class='ocrx_word' id='word_1_190' title='bbox 1756 3541 1841 3624; x_wconf 79' lang='lat' dir='ltr'>hac</span> 
     </span>
     <span class='ocr_line' id='line_1_25' title="bbox 410 3669 1840 3796; baseline 0.001 -31"><span class='ocrx_word' id='word_1_191' title='bbox 410 3743 440 3794; x_wconf 88' lang='lat'>„</span> <span class='ocrx_word' id='word_1_192' title='bbox 462 3670 732 3796; x_wconf 86' lang='lat' dir='ltr'>Principique</span> <span class='ocrx_word' id='word_1_193' title='bbox 763 3673 902 3766; x_wconf 85' lang='lat' dir='ltr'>vestro</span> <span class='ocrx_word' id='word_1_194' title='bbox 924 3671 1114 3788; x_wconf 88' lang='lat' dir='ltr'>reddite,</span> <span class='ocrx_word' id='word_1_195' title='bbox 1152 3673 1269 3762; x_wconf 89' lang='lat' dir='ltr'>srmul</span> <span class='ocrx_word' id='word_1_196' title='bbox 1290 3672 1332 3762; x_wconf 92' lang='lat' dir='ltr'>ei</span> <span class='ocrx_word' id='word_1_197' title='bbox 1356 3669 1529 3762; x_wconf 88' lang='lat' dir='ltr'>nomine</span> <span class='ocrx_word' id='word_1_198' title='bbox 1544 3699 1645 3763; x_wconf 89' lang='lat' dir='ltr'>meo</span> <span class='ocrx_word' id='word_1_199' title='bbox 1665 3674 1840 3785; x_wconf 84' lang='lat' dir='ltr'>gratiam</span> 
     </span>
     <span class='ocr_line' id='line_1_26' title="bbox 406 3810 1838 3948; baseline 0.002 -46.045"><span class='ocrx_word' id='word_1_200' title='bbox 406 3817 644 3948; x_wconf 84' lang='lat' dir='ltr'>‚habete‚</span> <span class='ocrx_word' id='word_1_201' title='bbox 680 3815 753 3934; x_wconf 92' lang='lat' dir='ltr'>qui</span> <span class='ocrx_word' id='word_1_202' title='bbox 785 3823 918 3906; x_wconf 80' lang='lat' dir='ltr'>tantae&#39;</span> <span class='ocrx_word' id='word_1_203' title='bbox 952 3839 1065 3930; x_wconf 81' lang='lat' dir='ltr'>gazae</span> <span class='ocrx_word' id='word_1_204' title='bbox 1100 3810 1180 3904; x_wconf 85' lang='lat' dir='ltr'>l&#39;uae</span> <span class='ocrx_word' id='word_1_205' title='bbox 1214 3813 1455 3930; x_wconf 86' lang='lat' dir='ltr'>proditione</span> <span class='ocrx_word' id='word_1_206' title='bbox 1491 3814 1620 3902; x_wconf 89' lang='lat' dir='ltr'>etiam</span> <span class='ocrx_word' id='word_1_207' title='bbox 1653 3813 1838 3904; x_wconf 84' lang='lat' dir='ltr'>animum</span> 
     </span>
     <span class='ocr_line' id='line_1_27' title="bbox 409 3954 1837 4084; baseline -0.001 -36"><span class='ocrx_word' id='word_1_208' title='bbox 409 4025 440 4080; x_wconf 83' lang='lat'>„</span> <span class='ocrx_word' id='word_1_209' title='bbox 463 3981 608 4048; x_wconf 88' lang='lat' dir='ltr'>meum</span> <span class='ocrx_word' id='word_1_210' title='bbox 629 3955 872 4050; x_wconf 88' lang='lat' dir='ltr'>incitaverit</span> <span class='ocrx_word' id='word_1_211' title='bbox 887 3955 1090 4078; x_wconf 86' lang='lat' dir='ltr'>amplius,</span> <span class='ocrx_word' id='word_1_212' title='bbox 1128 3957 1379 4084; x_wconf 81' lang='lat' dir='ltr'>oreximque</span> <span class='ocrx_word' id='word_1_213' title='bbox 1402 3954 1657 4072; x_wconf 81' lang='lat' dir='ltr'>prolearerit3</span> <span class='ocrx_word' id='word_1_214' title='bbox 1693 3979 1837 4046; x_wconf 89' lang='lat' dir='ltr'>mone·</span> 
     </span>
     <span class='ocr_line' id='line_1_28' title="bbox 408 4099 1837 4266; baseline -0.002 -71.964"><span class='ocrx_word' id='word_1_215' title='bbox 408 4121 509 4224; x_wconf 88' lang='lat' dir='ltr'>„te</span> <span class='ocrx_word' id='word_1_216' title='bbox 541 4100 824 4194; x_wconf 79' lang='lat' dir='ltr'>eunitarum</span> <span class='ocrx_word' id='word_1_217' title='bbox 855 4118 982 4222; x_wconf 83' lang='lat' dir='ltr'>atque</span> <span class='ocrx_word' id='word_1_218' title='bbox 1009 4100 1168 4196; x_wconf 86' lang='lat' dir='ltr'>iterum</span> <span class='ocrx_word' id='word_1_219' title='bbox 1201 4099 1439 4266; x_wconf 80' lang='lat' dir='ltr'>diligenter,</span> <span class='ocrx_word' id='word_1_220' title='bbox 1473 4103 1562 4192; x_wconf 83' lang='lat' dir='ltr'>laaec</span> <span class='ocrx_word' id='word_1_221' title='bbox 1609 4111 1837 4217; x_wconf 88' lang='lat' dir='ltr'>ceteraque</span> 
     </span>
     <span class='ocr_line' id='line_1_29' title="bbox 1473 4259 1773 4360; baseline 0.011 -3"><span class='ocrx_word' id='word_1_222' title='bbox 1473 4335 1477 4344; x_wconf 82' lang='lat'><em>-</em></span> <span class='ocrx_word' id='word_1_223' title='bbox 1631 4305 1659 4360; x_wconf 84' lang='grc' dir='ltr'>ιι</span> <span class='ocrx_word' id='word_1_224' title='bbox 1646 4259 1773 4328; x_wconf 73' lang='grc' dir='ltr'>ΟῙΠ</span> 
     </span>
    </p>
   </div>
   <div class='ocr_carea' id='block_1_3' title="bbox 0 0 1926 5018">
    <p class='ocr_par' dir='ltr' id='par_1_3' title="bbox 0 0 1926 5018">
     <span class='ocr_line' id='line_1_30' title="bbox 0 0 1926 5018; baseline 0 8"><span class='ocrx_word' id='word_1_225' title='bbox 0 0 1926 5018; x_wconf 95' lang='lat' dir='ltr'> </span> 
     </span>
    </p>
   </div>
  </div>
 </body>
</html>
