3842 5018
426 249 460 326 0,
485 255 506 316 ι
1019 239 1191 321 nasus
1219 245 1306 325 Βόα.

452 256 1882 462 ΞΜΜΜἊΜΜΨΜΜΜΜΜΜᾺ

573 677 576 686 Ι
875 533 1452 655 ANNussm.

450 698 731 1058 Horalr
751 695 812 796 (e)
848 709 1015 828 quidam
1042 737 1099 800 ex
1134 733 1242 824 pago
1268 701 1463 800 Dubinlra
1487 696 1539 796 (l)
1572 711 1757 826 ingentis
1798 719 1881 806 ani-

665 849 725 935 mi
747 847 835 962 vir,
874 877 1040 940 memor
1065 847 1303 961 injuriarum
1325 844 1538 964 superiore
1563 879 1671 942 anno
1691 849 1878 945 Neklani

666 987 888 1078 clientibus
920 990 1216 1082 intentatarum
1251 1017 1274 1076 a
1305 983 1429 1078 Duce
1458 986 1715 1104 Kurimensr,
1767 997 1877 1110 apud

450 1117 494 1215 se
518 1125 729 1218 constituit
753 1151 851 1217 eum
871 1125 943 1218 seu
971 1129 1232 1242 interficere,
1271 1123 1369 1240 seu,
1407 1127 1435 1216 fi
1460 1113 1627 1220 fortuna
1647 1131 1876 1243 benignior

452 1257 663 1377 arrisisset,
697 1266 844 1356 vivum
867 1268 1152 1384 intercipere,
1190 1267 1359 1356 consilio
1388 1268 1519 1382 prima
1539 1267 1710 1383 quidem
1727 1266 1872 1384 specie
1903 1315 1904 1318 κ

450 1404 701 1516 temerario,
748 1425 966 1522 ceterum,
1012 1423 1061 1497 ut
1086 1423 1266 1497 eventus
1301 1405 1471 1520 docuit,
1517 1423 1610 1494 tum
1638 1407 1872 1500 necessario

448 1567 495 1629 ac
513 1543 819 1659 propemodum
837 1544 1066 1638 fortunato,
1137 1544 1387 1660 Capiebatur
1407 1542 1582 1634 mirifice
1606 1549 1867 1662 equestribus

214 1683 432 1834 nisum
445 1679 554 1769 ludis
579 1671 635 1767 ()
669 1681 967 1797 Krasnilrus‚
955 1686 1091 1802 risque
1115 1685 1160 1776 sc
1185 1702 1290 1800 quot
1312 1683 1493 1774 diebus
1482 1712 1524 1772 ιιι
1551 1711 1651 1798 agro
1673 1683 1869 1779 suburba-

213 1877 244 1920 ,η
214 1770 332 1942 'delfi
317 1779 430 1929 022¹,
445 1847 502 1908 no
533 1819 699 1934 aderat,
748 1825 792 1912 dc
822 1823 1031 1938 praepilata
1063 1827 1167 1913 hasta
1197 1823 1396 1940 equestris
1430 1850 1576 1938 pugnae
1605 1823 1868 1920 simulacrum

446 1957 577 2052 dedit.
684 1955 796 2052 Eum
826 1963 1005 2080 quodam
1036 1963 1105 2052 die
1139 1961 1297 2054 ludicro
1320 1961 1381 2052 illi
1403 1963 1620 2052 certamini
1641 1991 1719 2078 pro
1743 1993 1867 2056 ruore
1903 1989 1904 2016 ι

443 2096 655 2190 intentum
676 2117 851 2217 repente
875 2128 933 2190 ex
952 2099 1105 2191 insidiis
1127 2098 1345 2213 Hormus,
1382 2128 1478 2190 cum
1500 2101 1761 2192 duodecim
1742 2133 1864 2216 Juve·
1903 2143 1904 2146 ¹

441 2237 566 2328 nibus
597 2239 642 2328 in
676 2267 801 2330 omne
836 2239 1058 2332 discrimen
1090 2239 1322 2356 projedlis,
1371 2267 1518 2353 magna
1550 2239 1863 2335 vociferatione

442 2402 626 2494 veraque
654 2378 745 2498 jain
771 2407 906 2496 pugna
938 2382 1109 2492 adortus
1140 2407 1283 2496 parurn
1316 2377 1474 2492 abfuit,
1509 2379 1609 2496 quin
1638 2379 1793 2471 vivum
1820 2386 1862 2471 in

442 2519 691 2636 potestatem
722 2519 946 2632 redigeret.
1049 2515 1194 2608 Primo
1221 2514 1421 2606 concursu
1443 2517 1655 2635 equitibus
1678 2518 1781 2609 odio
1804 2523 1861 2612 in·

442 2652 660 2773 terfedtis,
699 2660 855 2752 ceteris
884 2656 1116 2745 insidiarum
1137 2673 1256 2745 metu
1276 2656 1318 2744 in
1342 2653 1485 2770 fugam
1509 2655 1636 2770 silis,
1672 2653 1781 2749 Dux
1802 2689 1861 2749 ac·

443 2817 570 2913 cepto
604 2798 648 2886 in
681 2824 805 2887 manu
836 2797 1010 2886 uulnere
1040 2795 1152 2884 inter
1179 2795 1337 2908 primos
1365 2795 1527 2910 pernici
1545 2822 1655 2912 equo
1675 2793 1858 2913 fugiens,

444 2963 555 3048 egre
583 2936 627 3023 in
659 2938 807 3026 urbem
834 2934 985 3045 evasrt3
1029 2961 1113 3051 quo
1141 2933 1283 3053 minus
1318 2935 1402 3024 alte
1428 2933 1546 3048 plaga
1569 2931 1858 3050 descenderet,

443 3071 620 3172 arurillas
637 3071 819 3190 ferreae,
857 3101 956 3189 quas
976 3074 1130 3163 dextro
1153 3073 1344 3189 sevoque
1367 3071 1535 3162 brachio
1559 3071 1749 3188 gerebat,
1791 3079 1861 3165 ob·

441 3207 581 3304 stitisse
600 3211 757 3304 dicunt.
828 3211 1182 3304 Concurreutibus
1201 3212 1353 3303 deinde
1377 3209 1427 3299 ad
1447 3238 1560 3300 arma
1581 3212 1749 3302 civibus
1771 3209 1861 3304 Ho-

433 3351 561 3466 ‚rarus
589 3351 807 3444 collestam
837 3361 1055 3443 cohortem
1071 3349 1205 3467 suani,
1241 3351 1403 3442 veritus
1424 3351 1769 3470 multitudinem,
1803 3353 1859 3441 in·

441 3493 653 3582 columem
675 3493 845 3586 reduxit
864 3511 983 3583 extra
995 3519 1124 3584 unurn
1142 3492 1297 3582 leviter
1317 3485 1512 3580 saucium.
1618 3486 1669 3580 Id
1684 3422 1859 3606 facinus,

446 3659 567 3748 quam
588 3630 877 3723 Curimensem
904 3633 1107 3746 perculit,
1142 3649 1230 3720 tam
1263 3625 1501 3718 Neldanum
1531 3629 1753 3745 voluptate
1790 3657 1862 3720 ex·
1905 3653 1906 3732 ξ

403 3783 407 3792 ’
446 3769 607 3886 plevit,
642 3771 712 3886 qui
737 3767 953 3860 Horalsum
972 3797 1068 3856 curn
1097 3765 1178 3856 suis
1201 3767 1422 3858 duodecim
1447 3765 1719 3860 bellatoribus
1746 3769 1862 3860 illico

444 3903 718 3999 Wilsehradii
748 3905 881 3999 adesse
907 3904 1040 4026 jussit,
1078 3897 1305 4029 multisque
1322 3905 1511 4000 laudibus
1530 3909 1765 4004 cumulatos
1786 3933 1866 4001 am·

442 4041 627 4166 piissimis
649 4048 820 4141 donavit
836 4047 1032 4164 premiis.
1231 4141 1236 4148 ,
1905 4055 1906 4088 ¹

1559 4202 1562 4208 ‘
1684 4179 1798 4280 AN·
