3842 5018
547 275 550 286 ’
651 288 870 366 Narratur
904 295 938 374 8.
1455 305 1503 378 39

63 435 741 536 ÷÷a÷÷÷·essa³2e÷‡
737 437 923 514 eoae
928 429 1502 531 a÷÷÷÷÷÷ea÷aa÷÷

498 601 1085 742 numusnw.
1326 645 1332 658 ·

59 755 412 1119 Germani
433 781 454 842 a
473 757 633 874 plagis
635 756 821 848 occiduis
854 757 962 846 sasla
996 783 1121 844 nrarru
1157 781 1209 843 va
1210 749 1426 850 lent'dsrma
1459 735 1561 878 in.G
1515 755 1734 898 osmi*

293 891 558 982 Zntecensenr
595 922 738 1006 agrum
778 897 1042 1012 irruperunt,
1090 893 1288 1008 priusque
1330 921 1556 987 onmemtec
1556 909 1736 990 ”statum

287 1059 500 1144 regionem
535 1035 664 1146 longe
697 1033 864 1148 lateque
892 1033 1105 1147 populati,
1143 1031 1500 1132 luculentillimam

60 1175 252 1290 praedam
275 1173 319 1260 in
334 1189 471 1259 tutum
510 1157 807 1286 deportarunt,
836 1159 889 1256 (⁴²)
920 1197 1048 1285 ,quant
1074 1168 1338 1274 Wlallislaus
1363 1199 1419 1262 ex
1442 1175 1500 1262 di·

64 1311 186 1426 lapsis
212 1329 331 1414 metu
350 1309 500 1406 incolis
516 1309 667 1426 justum
688 1335 838 1420 agmen
861 1309 963 1394 bosti
979 1303 1122 1432 ¹pollet
1146 1337 1374 1424 opponere.
1424 1309 1503 1404 ‘Id
1569 1389 1576 1405 .

66 1457 150 1537 boc
170 1475 283 1536 anno
307 1445 487 1535 consiliis
508 1445 739 1535 Wlastislai
759 1445 944 1558 obstitit,
980 1463 1029 1534 ut
1045 1473 1100 1534 ne
1125 1444 1361 1535 Neldanum
1381 1449 1495 1540 bello

60 1587 241 1676 auderet
268 1581 489 1696 lacessere,
538 1584 873 1700 quandoquidem
910 1611 997 1670 non
1027 1609 1159 1673 vanus
1186 1611 1329 1672 rumor
1366 1586 1497 1676 incre·

60 1723 307 1814 brescebat:
345 1719 536 1811 Minatos
569 1723 801 1812 Germanos
832 1720 1079 1836 propediem
1108 1723 1318 1838 reditum,
1355 1751 1494 1882 neque

57 1865 283 1980 quieturos
311 1862 451 1980 prim,
491 1889 614 1982 quam
642 1858 859 1955 Zatecium
880 1857 1062 1990 ipsum
1050 1891 1094 1954 sn
1127 1860 1303 1984 spolium
1342 1864 1405 1954 eis
1425 1892 1498 2012 ce

60 2005 203 2094 deret.

213 2137 367 2258 Neque
389 2159 532 2232 tamen
549 2143 672 2230 hostis
694 2107 1056 2236 infelicibleldano
1077 2137 1214 2232 defuit
1235 2136 1413 2234 Krasnilr
1438 2132 1485 2232 (l)

60 2277 199 2368 Dolisr
224 2279 332 2374 lilius
355 2280 605 2376 Curimensrs
628 2275 829 2395 Princeps
862 2281 1057 2368 fidentior
1080 2280 1210 2368 aliena
1228 2282 1562 2397 infirmitatem

62 2445 191 2534 quam
212 2415 294 2506 suis
323 2419 484 2508 viribus
515 2419 579 2536 (id
610 2420 724 2534 quod
756 2415 1021 2530 ignavilsrmis
1046 2419 1172 2510 etiam
1206 2421 1301 2506 ania
1301 2424 1513 2512 avantibus
1499 2449 1649 2520 Martum
1712 2461 1715 2470 ’

63 2581 292 2646 commune
328 2559 408 2669 est,
463 2556 516 2644 de
547 2560 745 2672 prollrato
782 2555 1030 2670 domitoque
1065 2555 1189 2650 leone
1235 2561 1485 2653 audentibus

55 2695 241 2813 praedam
264 2721 412 2807 agere,
448 2693 602 2810 alioqui
624 2693 803 2782 valentis
834 2710 962 2810 atque
993 2693 1148 2806 integri
1172 2721 1227 2782 ne
1249 2695 1486 2812 adspedlum

56 2832 235 2950 quidem
256 2825 520 2954 serentibus)
544 2829 683 2920 sumsit
712 2831 786 2922 libi
810 2857 887 2946 per
921 2857 997 2920 eos
1033 2833 1124 2921 dies
1145 2830 1406 2948 Neklanum‚
1443 2839 1487 2934 ὃς

56 2969 132 3059 sua
163 2960 412 3080 segnities)
449 2970 493 3060 dc
524 2971 746 3084 preteritis
784 2969 969 3060 cladibus
999 2970 1256 3069 laborantem
1294 2975 1488 3064 vacillan-

1505 2263 1669 2341 carmeyo

57 3127 236 3222 temque
259 3107 373 3194 bello
395 3103 602 3197 lacessere.
671 3105 884 3200 Neclanus
905 3107 1008 3199 nihil
1027 3109 1189 3222 animo,
1228 3139 1347 3227 quam
1371 3112 1485 3228 pacis

56 3245 188 3334 studia
219 3246 379 3362 agitans
411 3245 665 3358 legationem
697 3247 740 3334 ei
773 3247 882 3338 mifit
914 3243 1077 3338 soedera
1104 3249 1378 3365 amicitiaque
1397 3252 1487 3340 vin·

57 3385 151 3474 cula
183 3383 230 3471 in
264 3384 510 3474 memoriam
534 3403 804 3498 revocatum,
840 3403 931 3474 tum
965 3411 1021 3474 ne
1049 3383 1213 3473 flamma
1244 3389 1347 3478 novi
1382 3388 1485 3484 belli

57 3539 329 3634 erumperet,
351 3521 479 3610 etiam
499 3523 675 3612 finitima
697 3523 898 3638 quapiam
919 3521 1069 3637 oppida
1088 3522 1199 3612 ultro
1224 3524 1374 3611 finibus
1394 3524 1482 3638 ejus

57 3655 262 3748 cessurum
283 3655 517 3773 spopondit.
600 3657 671 3752 At
696 3658 824 3750 ferox
839 3659 1008 3772 juvenis
1035 3661 1246 3752 barbarico
1270 3659 1482 3778 respondit

57 3797 178 3888 sastu:
227 3865 255 3912 ,‚
279 3795 381 3886 Non
414 3799 487 3887 fibi
525 3801 581 3888 de
618 3800 847 3916 provincie
874 3797 1052 3914 finibus,
1092 3799 1163 3892 sed
1198 3801 1250 3890 de
1286 3801 1480 3898 universo

57 4004 88 4050 ,‚
108 3931 432 4025 Willebradenfi
450 3938 679 4052 principatu
703 3959 917 4031 certamen
940 3935 1038 4032 olle.
1064 4008 1092 4054 „
1199 3934 1478 4036 Excanduere

57 4073 216 4164 scilicet
246 4073 298 4162 ad
331 4073 616 4190 impiobissimi
650 4079 736 4169 oris
775 4077 1075 4196 impudentiam
1110 4080 1277 4196 legati,
1324 4107 1477 4174 verunt

1308 4218 1408 4334 quid

1504 2347 1577 2410 Dux
1593 2349 1724 2418 Necubi*
1829 2370 1834 2381 ’
