3842 5018
564 304 573 319 '
596 307 814 384 Nutritur
844 322 900 377 10.
1423 313 1467 387 51

34 471 75 554 ei
103 466 176 546 orti
197 443 379 543 dederent,
454 453 513 534 Sic
537 476 655 532 ntrrnt
671 448 865 530 Anastasius
889 438 1181 522 bibliothecarius
1208 463 1358 553 totvm·
1372 435 1467 519 circu

37 577 123 651 baec
140 567 215 670 ipsa
231 581 400 662 temporo
416 554 546 634 scilicet
561 578 656 630 enno
686 560 770 643 nso.
796 550 841 626 ab
864 541 995 624 eodem
1016 541 1195 620 Michaele
1213 537 1376 622 Orientis
1394 544 1468 616 Im·
1535 599 1543 616 .

39 689 219 774 peratore
240 660 340 735 dono
355 655 454 732 missir
469 654 512 732 ud
530 649 757 732 Benedictum
768 653 907 760 'Papum
918 667 980 751 ptr
997 651 1154 722 Lazarum
1166 645 1356 721 Monachum
1365 639 1471 746 pitiu-

43 783 105 848 rt'ae
123 776 207 844 artis
223 769 319 836 nimis
335 759 499 834 modim
660 793 663 800 ¹

47 875 1475 1036 oooctooooooooooeoooooooooooouoooooo
1667 1027 1672 1040 ¹
1752 873 1772 890 ”

474 1097 1047 1220 ANNUSum.

209 1311 428 1423 olodogius
447 1303 684 1398 Ptettmterr
709 1331 765 1394 ex
786 1331 894 1421 pago
914 1301 1128 1398 Hunatice
1149 1307 1272 1420 filius,
1294 1303 1364 1398 vir
1384 1329 1478 1420 pro·
1488 1309 1703 1392 Kdvdcimi'

59 1307 207 1668 K
247 1451 425 1542 cecitate
448 1444 635 1560 corporis
662 1471 782 1560 aeque
801 1445 846 1534 dr
865 1443 992 1546 animi
1021 1447 1305 1558 magnitudine
1328 1398 1619 1558 specta-sm·

127 1651 131 1657 -
243 1585 368 1701 bilis,
412 1583 567 1702 quique
605 1608 759 1696 nupera
800 1582 1074 1698 expeditione
1109 1581 1184 1672 sub
1221 1579 1480 1691 Wssebogio
1551 1679 1557 1688 ,

63 1731 255 1844 stipendia
283 1725 461 1816 meritus
495 1749 582 1808 non
611 1747 737 1810 unum
762 1722 943 1832 egregie
967 1721 1137 1812 virtutis
1161 1719 1373 1838 specimen
1397 1718 1483 1808 edi·

64 1867 203 1980 derat,
238 1859 484 1974 Wssebogii
509 1859 661 1972 gloria,
696 1859 904 1973 premiis,
938 1859 1129 1978 laetisque
1152 1856 1398 1950 succesibus
1421 1857 1485 1946 sti-

66 2009 269 2114 mulatus,
322 2025 409 2090 non
446 1997 602 2088 destitit
642 1995 825 2086 animum
856 1993 1036 2088 Neklani
1075 1997 1233 2115 pulsare
1267 1997 1485 2116 precibus:

66 2211 93 2263 „
113 2147 232 2232 daret
251 2142 325 2229 fibi
353 2139 427 2229 vel
444 2153 662 2226 trecentos
686 2135 945 2225 exercitatos
970 2137 1119 2252 praeliis
1143 2139 1288 2252 viros,
1320 2135 1486 2227 exactu-
1582 2193 1587 2204 -

69 2349 96 2394 „
117 2309 211 2374 rum
245 2279 327 2368 siris
358 2275 484 2366 terris
525 2271 801 2388 Krasnikum,
837 2270 1154 2390 'Ducuturnque
1195 2269 1490 2366 Kurimensem

70 2483 96 2532 „
115 2417 295 2509 Neklani
320 2413 576 2527 Principotui
597 2411 865 2522 adiecturum.
892 2481 920 2527 „
1000 2409 1199 2528 Princeps
1219 2415 1372 2504 colluto
1392 2439 1491 2504 cum

1735 1559 1818 1616 ,Α

71 2556 302 2646 consdiariis
328 2555 465 2667 capite
487 2547 660 2638 adsensit
684 2549 895 2639 voluntati
908 2547 1153 2664 Kolodogii.
1224 2551 1283 2665 Is,
1305 2553 1489 2665 acceptis
1647 2529 1656 2545 ’

72 2695 179 2811 viris,
203 2693 338 2782 silenti
357 2691 547 2806 agmine,
588 2687 869 2779 &itineribus
900 2716 1022 2806 quam
1045 2687 1326 2782 occultissimis
1352 2692 1396 2778 in
1416 2697 1492 2777 ho·

27 2903 28 2908 r
71 2832 162 2920 stem
201 2829 440 2948 profedius,
487 2843 575 2914 tum
618 2824 865 2941 improvisus
907 2826 1097 2918 Curimio
1139 2825 1405 2944 supervenit,
1441 2843 1491 2917 ut

75 2950 173 3078 epte
223 2969 386 3058 civibus
432 2963 653 3056 scandendi
682 2966 864 3079 moenia,
900 2967 1225 3084 cataractamque
1265 2963 1489 3080 dejiciendi

80 3107 210 3198 ocium
231 3103 484 3222 suppeteret.
577 3097 812 3192 Primorum
837 3123 1013 3221 quatuor
1035 3105 1197 3196 dierum
1215 3105 1487 3223 noctiumque

80 3247 302 3334 continenti
318 3243 740 3356 jaculationetantum
760 3241 905 3356 lapidis
927 3244 1089 3361 telique
1112 3247 1267 3362 oppido
1292 3243 1488 3358 insusirm,
1603 3285 1613 3296 ·

79 3400 122 3469 ut
140 3387 178 3473 dc
198 3385 352 3474 domus
381 3383 550 3499 vicique
572 3381 834 3495 operirentur
856 3381 929 3472 iilo
963 3382 1136 3495 nimbo,
1171 3383 1488 3498 necquicquam

80 3543 145 3630 pro
165 3519 466 3611 munitionibus
493 3521 734 3632 consistere,
769 3537 839 3608 aut
859 3519 1111 3633 protrudere
1141 3540 1264 3637 caput
1300 3520 1490 3640 puderet,
1610 3623 1614 3632 „

82 3659 169 3769 quin
190 3659 393 3749 continuo
419 3659 626 3749 destinatis
649 3657 800 3748 idiibus
817 3655 1031 3770 figeretur.
1126 3655 1226 3750 Hoc
1248 3659 1491 3754 imbrinon-

84 3793 172 3885 nihii
194 3795 453 3916 quiescente,
483 3799 629 3914 quinto
651 3799 720 3888 die
753 3798 805 3886 ab
838 3793 1003 3888 obseflis
1026 3797 1079 3890 de
1094 3801 1315 3916 eruptione
1335 3787 1508 3914 cogita·'

83 3943 185 4044 tun3
216 3936 290 4026 sed
323 3935 678 4026 intercedentibus
708 3935 926 4027 sententie
959 3935 1184 4051 majoribus
1216 3961 1316 4029 notu
1345 3939 1491 4030 frustra

91 4061 160 4162 suit
180 4075 477 4204 idlconfibum,
516 4103 597 4198 qua
613 4079 741 4168 etiam
780 4075 905 4168 nocie
926 4073 1147 4174 Ktasnikus
1176 4061 1403 4197 desperatis
1427 4107 1491 4170 re·
1545 4119 1548 4126 ·

723 4212 763 4303 G
801 4243 831 4306 2
1338 4218 1417 4306 bus
