3758 5040
333 375 337 420 ¹
511 301 889 399 :Nouanurrn
976 383 985 406 κ
1290 271 1294 277 ‚
1408 308 1468 401 σι’
1536 275 1547 290 ’“

7 475 161 532 nurum
179 463 266 550 870.
284 443 479 562 contigisse
505 446 688 552 oportuit,
714 473 788 549 quo
805 447 948 528 demum
966 443 994 524 is
1011 443 1174 550 alioquin
1188 445 1326 528 sublato
1344 448 1455 530 Rulli-

7 581 38 631 e
59 551 253 630 universe
262 554 443 626 Moravrae
453 547 674 628 dominatum
685 549 889 650 consecutus
897 547 1069 628 inomnes
1089 546 1254 630 avunculi
1269 549 1453 654 possessu-

7 681 71 732 res
102 651 280 728 succesit.
359 651 439 726 Nee
453 675 541 730 uero
562 648 694 753 uspiam
712 651 771 728 uel
784 649 823 728 in
841 649 924 756 ipsu
935 647 1114 730 Francicis
1131 647 1371 752 scriptoribus
1388 650 1452 726 ali.

7 749 129 856 ,nod
149 746 359 826 intestinum
376 749 428 826 bis
446 750 600 854 partibus
624 749 754 828 bellum
780 751 932 855 legitur,
957 773 995 826 ut
1012 747 1260 828 Zuenribaldo
1277 752 1322 826 ab
1342 775 1452 831 occu·

7 877 110 932 >ato
145 873 266 952 reguo
296 847 533 955 rursumopus
550 847 668 928 fuisset
685 847 863 928 ditionum
881 851 1008 926 barum
1021 851 1197 964 populum
1209 848 1355 930 noviter
1376 851 1451 930 bel·

7 979 44 1029 ,ο
80 947 293 1051 subjugare.
321 1041 326 1052 λ
366 952 403 1025 T
405 975 463 1025 um
485 948 546 1027 rix
567 947 740 1028 credibile
767 949 1039 1050 Rastizen,c1ot
1064 950 1120 1030 his
1145 947 1245 1029 arenis
1261 947 1395 1030 uiribus
1413 959 1450 1032 dt

7 1047 194 1156 porentia
211 1046 396 1150 plurimum
411 1046 610 1127 invaluerat
630 1075 705 1128 uno
750 1075 788 1128 er
804 1050 1016 1128 Danubium
1029 1049 1172 1130 uansrru
1186 1048 1234 1130 iu
1250 1049 1349 1131 fuisle
1366 1077 1451 1156 per-

7 1149 175 1234 culfum,
195 1173 233 1225 ut
246 1147 422 1226 Ludoviei
436 1148 555 1254 copiis
574 1077 755 1254 congredi
776 1175 855 1228 non
872 1148 1037 1243 auderet,
1060 1150 1109 1228 itu
1134 1149 1291 1228 constrin
1360 1173 1448 1244 etur,

7 1251 204 1326 utlocum
223 1245 511 1362 eslirgiendinon
536 1273 593 1326 am
623 1248 685 1326 lius
712 1251 881 1344 baberet,
911 1249 1056 1328 imoiu
1081 1250 1156 1354 ipsa
1180 1248 1259 1352 ripa
1325 1243 1446 1334 anubii

7 1349 218 1453 primoque
233 1347 345 1424 siaum
364 1349 479 1428 cellro
498 1349 575 1427 obst
602 1369 740 1443 eretur,
764 1349 807 1426 ad
836 1348 975 1433 obsides
1002 1349 1160 1430 dandum
1183 1347 1448 1452 duriumnsqm
1509 1437 1514 1448 ,

7 1447 250 1528 conditiones
284 1448 487 1544 juramento
504 1450 693 1528 firmandas
712 1449 929 1556 adigeretur.
1004 1453 1086 1527 Nec
1105 1451 1132 1528 fi
1148 1449 1185 1526 id
1203 1449 1444 1532 asseruerimus
1532 1537 1536 1551 ,

7 1546 441 1650 quidpiamautboritsti
465 1551 662 1628 Annalium
690 1548 1044 1629 Francofultlenfium
1075 1547 1325 1664 derogaverit,
1363 1573 1445 1634 cum

7 1673 156 1728 :ertum
172 1647 214 1724 fit
229 1647 509 1728 Zueutibulduur
526 1675 608 1729 anre
629 1667 842 1755 occupatsun
860 1646 1037 1728 Mutavit
1062 1647 1302 1752 principatum
1319 1647 1444 1732 feuda·

7 1749 146 1827 tarium
165 1747 266 1824 foisse
283 1747 447 1844 Rusticis,
473 1777 542 1829 nec
556 1750 723 1855 cognitus
742 1749 844 1828 fieret
859 1748 1098 1926 scriptoribus
1112 1748 1309 1846 francicis,
1336 1773 1443 1850 quam

7 1853 96 1927 dum
116 1873 221 1926 auno
243 1863 329 1946 370.
343 1853 557 1931 ararnculunr
577 1847 790 1966 captivasset,
800 1848 924 1934 Franci
942 1873 1014 1950 que
1032 1847 1238 1942 tradidisset,
1250 1848 1337 1928 binc
1356 1873 1443 1952 prm

7 1955 64 2028 tul
83 1947 207 2026 dubio
224 1953 367 2045 saeuum,
383 1975 421 2029 ut
436 1951 487 2028 illi
504 1949 633 2029 Rastizr
654 1975 695 2028 eu
711 1949 962 2037 adscriberent,
989 1976 1066 2049 que
1084 1949 1235 2054 proprie
1252 1949 1296 2026 ad
1312 1951 1440 2026 Suano-

7 2055 161 2168 plucum
179 2048 404 2154 spedabant,
431 2078 578 2154 quaque
601 2049 641 2131 in
658 2049 841 2128 feudatarii
857 2045 1064 2154 privatique
1080 2050 1192 2128 Ducis
1209 2050 1308 2130 terris
1326 2048 1440 2154 gesta,

7 2151 74 2254 rpsr
94 2152 246 2228 sumam
263 2149 435 2230 Morariae
450 2153 653 2258 Toparcbae
676 2150 909 2230 immutent.
984 2148 1027 2226 ld
1043 2149 1070 2226 st
1088 2149 1321 2242 admittimus,
1347 2149 1439 2233 libe·

7 2278 126 2330 ramus
157 2249 354 2328 Ratislaum
388 2276 410 2328 n
438 2251 618 2356 perjurio,
644 2205 746 2352 quoti
777 2249 811 2328 ei
844 2245 1054 2353 impingunt
1080 2251 1237 2330 Annales
1262 2246 1437 2338 Francici,

7 2353 197 2464 quodque
225 2351 374 2428 multum
401 2373 576 2430 exacuunt
601 2350 800 2449 Scriptores
836 2347 972 2452 quique
1007 2346 1220 2452 posteriores
1248 2348 1435 2430 Germani.

7 2458 103 2530 Nam
121 2477 199 2549 aaut
216 2454 320 2528 Parte
339 2453 383 2527 11.
400 2477 445 2529 ex
461 2451 584 2529 Prisco
599 2457 637 2528 dc
656 2447 855 2528 Helmoldo
872 2446 1062 2526 docuimus
1077 2451 1201 2532 Sluvos
1218 2447 1258 2526 in
1271 2448 1438 2554 prestan-
1506 2523 1518 2548 Χ

7 2552 60 2628 dis
77 2551 288 2649 iuramentis
306 2548 410 2626 fuisse
429 2549 661 2654 parcissimos,
686 2547 727 2626 in
743 2546 927 2626 servandis
945 2571 1062 2624 autem
1079 2549 1321 2630 tenaciffimos.
1355 2547 1433 2626 Pes·

7 2653 81 2730 sana
103 2649 260 2752 quidem
278 2657 328 2743 (at
344 2649 418 2730 line
434 2648 577 2744 tabulis)
595 2671 634 2726 ur
649 2646 841 2726 Ratisluum
859 2647 904 2724 nb
921 2643 975 2723 bis
993 2645 1167 2726 conviciis
1185 2670 1372 2752 purgaret,
1390 2647 1438 2730 ait

7 2751 43 2828 ri
68 2773 234 2830 extortas
258 2747 360 2828 fuiffe
380 2748 477 2864 pacis
504 2747 732 2828 conditiones
758 2747 799 2825 iu
813 2745 1006 2832 ¹excidium
1031 2747 1138 2864 regni
1166 2746 1369 2836 Maurici,
1403 2753 1439 2832 de

7 2849 154 2930 fortasse
170 2845 284 2927 totius
297 2847 426 2929 Slrvrci
443 2847 614 2930 nominis.
682 2851 775 2927 Nam
789 2845 982 2926 Ludurico
1001 2844 1054 2924 bis
1069 2847 1151 2951 ipsis
1168 2846 1437 2931 conditionibus
1456 2859 1560 2946 effus
1571 2867 1665 2930 Mare.

7 2950 204 3028 admissum
220 2946 410 3041 firiffe,‚ut
432 2975 453 3028 e
479 2947 616 3026 sinistra
639 2947 803 3028 Danubii
827 2946 906 3050 ripa
929 2945 1041 3046 inque
1063 2946 1221 3026 Rastislai
1247 2945 1347 3026 terris
1375 2973 1435 3026 ex·
1456 2948 1676 3044 lacer-152.

11 3049 148 3126 sturere
164 3047 243 3126 duo
258 3045 497 3137 munimenta,
531 3073 646 3150 euque
666 3047 842 3128 Francicis
875 3043 1041 3151 praesrdiis
1066 3045 1172 3126 tutari
1200 3049 1331 3152 posset,
1360 3075 1437 3148 quae

12 3175 95 3225 eum
117 3147 146 3224 is
170 3149 413 3252 cognosceret
436 3148 501 3226 fibi
525 3147 665 3226 summo
683 3149 752 3228 elle
772 3146 935 3252 periculo
952 3144 990 3224 ui
1010 3145 1215 3230 demrbasle.
1290 3149 1341 3228 rit
1356 3173 1437 3228 meu

11 3245 205 3344 feruentia,
247 3247 274 3326 st
301 3247 535 3327 concedimus
560 3251 795 3344 juramentum
817 3249 893 3346 hoq
917 3245 962 3324 acl
990 3247 1195 3326 Rasiislaum
1218 3247 1436 3352 pertinuisset,

11 3348 128 3428 uerius
145 3348 371 3428 consulemus
396 3349 467 3447 ejus
485 3345 757 3439 existimationi,
784 3346 808 3424 st
827 3345 982 3426 dicamus
995 3345 1227 3424 sollicitatum
1241 3373 1261 3422 a
1275 3347 1435 3460 pluribus

12 3447 455 3543 MurcummComitibus
479 3447 655 3528 Francicis
679 3444 933 3539 finitimarum,
965 3442 1119 3550 ipsisque
1141 3445 1320 3525 Ludourci
1343 3444 1436 3542 siliis,

15 3549 76 3648 qui
100 3549 140 3626 in
163 3571 307 3655 patrem
331 3550 461 3626 consur
490 3573 587 3628 entes
610 3548 682 3644 ejus
706 3572 816 3650 opem
839 3545 1141 3650 imploraverant,
1168 3544 1207 3622 id
1233 3544 1329 3622 enim
1354 3572 1435 3624 uou

15 3649 161 3726 obscure
175 3647 392 3752 indigitetur
411 3674 431 3727 ι
472 3649 590 3727 trersrs
607 3645 783 3725 Francicis
799 3643 1048 3748 scriptoribus.
1107 3649 1202 3726 Cum
1221 3644 1340 3746 itaque
1361 3649 1433 3724 ua.

13 3745 138 3822 stislaus
162 3749 305 3826 videret
327 3747 441 3828 scindi
463 3775 618 3855 regnum
643 3745 815 3838 Franeie,
842 3768 1014 3846 certoque
1032 3745 1169 3850 sperare
1186 3747 1302 3850 pollet
1320 3746 1432 3842 majo·

15 3871 123 3922 rema
142 3847 223 3948 filiis
250 3846 540 3949 tranquillitatem
567 3847 791 3940 habiturum,
818 3845 924 3926 saeos
947 3843 1147 3942 adjuraret,
1173 3849 1237 3926 alia
1290 3871 1430 3942 rutereu
1466 3857 1474 3866 ’

17 3967 92 4018 nun
112 3943 205 4024 leuia
231 3973 442 4052 argumenta
468 3951 616 4032 haberet
639 3945 762 4052 pacem
789 3974 870 4026 cum
884 3945 1077 4024 Ludovico
1101 3876 1292 4050 rumpentii
1340 3945 1430 4048 quid

18 4041 192 4140 mimmii
208 4049 326 4126 homo
344 4049 534 4156 presertim
553 4051 737 4142 Ethnicus,
748 4047 934 4148 quodnun
950 4069 1020 4124 tana
1039 4003 1429 4149 suamquanfiiiomm

19 4140 272 4252 Comitumque
288 4146 837 4268 causamegeret,inregrunrsrbi
853 4145 921 4230 esse
937 4145 1196 4251 treduinum
1212 4149 1390 4262 piaculum
1407 4166 1430 4222 a
1473 4247 1476 4258 Ι

1323 4269 1378 4340 p.
