3842 5018
457 301 462 308 ’
674 295 916 392 ,Nuntium
942 311 976 375 2.
1432 385 1446 402 .
1506 321 1548 382 η

103 447 290 535 coenobio
323 441 464 526 ordinis
495 431 772 554 Prmdicetorum
802 443 921 547 (quod
950 443 1334 526 numennumen.
1366 445 1553 528 Societatie

104 558 197 654 Jesu
227 551 292 650 est)
322 547 491 626 educatus
515 567 536 620 a
558 540 706 648 pueritia
723 543 977 645 profeffionem
995 547 1092 622 suum
1111 547 1245 641 emifit,
1271 547 1422 652 epistola
1442 549 1554 646 euim,

137 682 224 732 uam
242 643 855 822 subneiio‚&guaesufra1audeto
873 644 964 724 illius
986 645 1180 726 Chronico
1195 650 1367 754 pramiffu
1387 648 1449 742 est,
1469 677 1554 732 eum

102 687 233 836 fllium
248 749 350 846 hujus
369 747 632 852 coenobn'appe
647 748 704 826 int.
768 747 889 826 Ve'rbu
905 748 981 825 huc
995 747 1084 828 sunt.
1543 774 1547 785 ·

106 966 195 1074 Μ.
233 957 284 1060 F.
322 953 538 1060 Marum
583 949 634 1055 F.
666 953 943 1090 Hmymhus
952 937 1389 1087 stmerhubmdanti
1417 991 1554 1070 emam

386 1185 390 1190 ,
419 1089 653 1197 ‘ficundum
663 1095 791 1174 Deum
801 1099 1013 1205 gratiarum
1030 1101 1216 1180 milianum.

252 1303 526 1390 Exultavimus
554 1301 783 1386 exultatione
808 1301 1065 1400 inenarrabili,
1094 1309 1202 1420 quasi
1219 1311 1287 1422 qui
1307 1311 1483 1396 exultant
1509 1323 1550 1398 im

103 1417 229 1532 mff,
259 1449 342 1502 cum
359 1419 414 1506 D.
431 1419 563 1496 Petrus
586 1415 869 1530 Wiffigradensts
889 1417 1081 1529 Prepefitus
1109 1415 1205 1501 nobis
1223 1447 1247 1500 a
1266 1439 1300 1500 te
1323 1427 1451 1505 retulit
1466 1434 1551 1540 pri·

102 1538 248 1645 vilegia
272 1531 391 1638 mflra
418 1557 443 1607 a
460 1528 597 1632 stimmo
627 1531 773 1630 Eccleste
799 1539 915 1642 capite
933 1527 1154 1630 cmtfirmam.
1243 1534 1402 1636 Quanto
1421 1525 1554 1646 gaudii

98 1645 380 1728 exultaverunt
393 1642 574 1748 fratres,
624 1639 771 1752 quando
804 1642 1063 1721 memmerunt
1092 1661 1197 1721 tuam
1229 1647 1465 1754 vigilantiam
1486 1671 1553 1760 pm

82 1765 230 1870 smila
245 1758 424 1837 Clemente
438 1751 541 1862 apud
543 1751 804 1860 fimiiifflmum
827 1756 976 1832 Patrem
994 1749 1202 1856 excubare,
1233 1749 1283 1838 ἐν
1303 1775 1341 1836 te
1359 1785 1489 1838 verum
1507 1762 1553 1840 il·

16 1895 44 1902 ·“
96 1858 622 1974 liusstiiamfiaiiispmbare,
652 1891 723 1942 non
741 1870 945 1957 immemor,
977 1871 1069 1976 quia
1088 1864 1145 1944 iia
1162 1859 1230 1944 tibi
1254 1867 1338 1946 olim
1362 1869 1422 1948 lac
1437 1869 1551 1966 dedit,

88 1979 262 2104 parvula
277 2003 413 2086 pamm
429 1972 568 2086 fregit,
598 1977 830 2082 tanstmavit,
871 1971 1094 2056 Monachum
1121 1968 1175 2062 &¹
1190 1975 1422 2082 ficerdmem
1435 1981 1550 2086 fecit,

98 2097 158 2183 &
178 2117 249 2204 pro
271 2086 320 2170 Te
346 2117 429 2169 cum
452 2091 579 2167 ceteris
594 2081 783 2184 lintribus
803 2093 877 2166 tuis
898 2103 990 2167 orm.
1078 2085 1145 2194 Iste
1161 2085 1256 2167 idem
1278 2093 1333 2176 D.
1353 2094 1550 2200 Pemefitus

32 2285 42 2300 ,
99 2204 272 2288 tradidit
298 2200 396 2284 nobis
412 2195 625 2278 chronicam
640 2217 745 2277 tuam
754 2228 772 2289 ‚·
803 2199 898 2278 illius
915 2199 1021 2302 finus
1020 2205 1110 2299 jam
1126 2204 1253 2280 exivit
1263 2210 1305 2281 in
1322 2229 1458 2282 omnem
1476 2224 1550 2284 tm·

99 2345 214 2422 ram,
247 2322 431 2396 miramur
447 2316 487 2390 in
508 2335 552 2388 ea
570 2309 737 2412 universi
738 2311 859 2420 populi
863 2309 1089 2420 stapiemiam
1114 2327 1238 2404 tuum,
1269 2307 1318 2396 dy
1336 2313 1549 2395 coiaudane

100 2433 259 2531 Deum,
290 2429 463 2538 quoniam
480 2419 667 2502 mirabilia
687 2429 726 2501 in
746 2441 783 2500 te
800 2429 936 2532 operari
963 2418 1136 2531 dignatus
1154 2416 1209 2526 est.
1294 2427 1400 2506 Deus
1409 2450 1478 2537 per
1493 2435 1549 2506 in·

98 2537 337 2648 tercefflmem
356 2540 392 2622 S.
413 2533 605 2614 Clementis
631 2535 745 2647 longos
747 2531 882 2636 faciat
908 2538 997 2610 vita
1013 2552 1083 2612 tua
1100 2529 1278 2634 diesficm
1297 2561 1448 2616 arenam
1467 2561 1549 2620 ma-

94 2661 179 2746 ris,
215 2645 390 2757 &stains
411 2645 498 2726 cali.
591 2645 690 2726 Vale.
746 2642 862 2754 Apud
876 2647 1045 2754 Pragam.

195 2811 205 2824 ·
247 2765 398 2841 Lamris
419 2761 477 2860 0,
508 2763 576 2871 qui
583 2757 794 2871 spiritualis
810 2753 916 2862 afim
920 2755 1028 2863 filius
1046 2755 1094 2866 est
1100 2815 1111 2853 ,
1139 2755 1291 2866 catastam
1316 2756 1373 2838 ad
1395 2761 1547 2842 Limina

96 2871 344 2993 Aposiolmnm
364 2867 531 2975 acis'uva,
560 2900 637 2954 oro.-

178 3063 182 3070 ’
242 3085 360 3160 Porro
385 3103 467 3158 cum
486 3083 668 3155 Murtiuum
693 3073 732 3156 iu
758 3101 914 3156 numero
938 3075 1117 3183 reperiam
1135 3079 1354 3259 ingenitorum
1372 3081 1545 3179 Pontifiuu·

93 3185 410 3376 {inimi}
425 3178 1544 3396 ii„i1315¹32¹‘n?5‘niiff113i‡355nftni⁰iiim¹2i3

97 3390 164 3496 qui
175 3392 250 3467 hoc
268 3413 395 3463 munus
442 3377 570 3476 essent,
582 3405 775 3484 antequam
788 3381 1429 3488 mPoenuentiariumucnpeiunum
1445 3385 1541 3462 sum-

95 3492 152 3574 mi
169 3485 357 3570 Pontificis
385 3409 548 3598 uiuimus
575 3481 637 3560 est.
715 3486 829 3571 Anno
847 3483 992 3597 demum
1012 3497 1122 3597 1273.
1141 3509 1162 3562 a
1179 3489 1227 3561 Pa
1255 3511 1274 3564 u
1295 3483 1452 3564 Nicolno
1471 3487 1535 3570 ΙΙΙ.
1649 3499 1656 3507 ’

95 3617 238 3676 creatus
255 3587 307 3667 est
323 3585 658 3699 Archi-Episcopus
676 3581 895 3663 Gnesnensu
916 3610 954 3662 1n
973 3587 1148 3679 Polnma,
1175 3586 1209 3663 se
1254 3611 1337 3664 cum
1351 3586 1390 3664 in
1406 3584 1535 3670 itinere

93 3693 307 3776 constitutus
319 3687 428 3782 effet,
452 3691 629 3766 Bonontae
651 3683 687 3764 in
715 3684 887 3764 morbum
914 3683 1099 3792 prolapsus
1136 3685 1295 3782 decem,
1323 3685 1533 3789 ibidemque

92 3798 251 3900 sepultus
282 3788 323 3868 in
349 3790 489 3892 templo
512 3791 546 3870 S.
569 3782 758 3866 Dominici
786 3783 907 3863 addim
936 3789 1002 3866 hac
1019 3810 1257 3870 monumento
1270 3785 1378 3868 inseri
1410 3787 1530 3870 tione:

92 3901 189 3981 HIC
212 3893 377 3993 JACET
402 3893 549 3970 FRAT.
576 3891 842 3967 muRTINUS
861 3889 1102 3969 POLONUS
1125 3892 1248 3971 ORD.
1266 3815 1420 3983 Pnffiss.
1444 3898 1531 3972 AR«

94 3993 476 4083 CHi-EPISCOPUS
490 3993 807 4090 GNESNENSIS.
859 3991 911 4068 Ut
927 3989 1056 4068 fatetur
1074 3991 1231 4074 Bzovius
1249 3990 1285 4072 se
1301 3991 1311 4070 i
1341 3994 1417 4072 sum
1436 3993 1531 4074 hanc
1548 4007 1669 4076 Beuum
1683 4013 1713 4078 iu

95 4095 370 4205 inscriptionem
387 4091 523 4174 vidiiie.
587 4091 713 4172 fluere
731 4118 777 4170 ex
793 4091 970 4171 hocloco
984 4090 1115 4173 merito
1136 4022 1349 4202 corrigenii
1366 4093 1441 4188 iili,
1467 4092 1531 4196 qui
1545 4094 1650 4158 Aumi.
1666 4095 1766 4180 ΕΜ

101 4227 177 4288 eum
193 4195 550 4305 Archi-Episcopum
569 4193 629 4278 seu
645 4192 929 4375 Consenssinum,
959 4193 1019 4278 seu
1035 4197 1335 4284 Beneventanum
1353 4193 1528 4376 fecgrgnr,
1542 4177 1580 4242 aa
1593 4179 1653 4246 Aa·
1670 4189 1764 4270 1278.

836 4322 860 4381 2
1076 4355 1085 4364 -
1433 4321 1451 4377 e
