3758 5040
419 299 472 396 76
963 407 968 412 Ι
1016 295 1189 380 Annus
1216 301 1304 400 867.

417 443 523 526 ravin
540 447 788 526 meterenturi
814 443 917 527 faciut
935 447 1048 564 igitur
1066 447 1289 530 statuendum
1318 445 1414 546 iuxta
1434 445 1617 552 utriunque
1636 446 1734 530 Vn:
1756 452 1860 560 Soip

415 547 506 628 toris
535 547 660 628 affecta
688 547 823 628 anuos
851 551 920 630 hos
945 550 1145 648 tonitribus
1163 552 1266 631 annis
1281 552 1384 630 citius
1404 577 1578 631 evocatos
1594 575 1641 628 cx
1656 555 1859 660 Bulgariar

414 649 599 732 Michaelc
627 655 872 756 Imperatore,
898 680 980 732 curn
1010 653 1037 730 is
1060 651 1231 734 videlicet
1253 652 1484 760 comperiffet
1507 655 1576 752 jam
1605 655 1768 734 meffern
1800 685 1858 734 nor

414 751 600 831 modicam
618 753 809 859 Evangelii
836 758 880 832 ab
908 754 950 832 iis
968 754 1274 851 ibidemfaciam,
1301 756 1490 861 ipsumque
1509 761 1703 860 Bogorem
1729 759 1856 864 pronti

415 853 544 932 fimum
568 851 639 934 offe
668 853 715 932 ed
742 854 1010 962 suscipiendum
1040 854 1274 962 baptismum,
1300 882 1338 934 ut
1363 859 1545 936 Rastislaus
1572 861 1661 934 Dux
1685 863 1856 942 Morem

416 975 488 1034 tam
510 955 759 1037 excellentium
775 955 940 1048 virorum
963 985 1076 1066 opera
1091 959 1138 1038 ad
1158 959 1311 1040 eandem
1330 959 1474 1066 frugem
1489 958 1773 1065 perduceretur.

421 1143 1853 1258 4÷÷÷÷÷÷÷aaaaaa÷÷÷÷0÷÷÷÷÷÷÷÷a÷a÷÷÷÷÷

642 1465 841 1560 ladislaus
859 1488 929 1562 tot
953 1499 1049 1562 cum
1077 1470 1297 1563 Germanis
1321 1345 1437 1560 iniis
1460 1466 1613 1584 preliis
1630 1468 1728 1584 jam
1750 1473 1850 1565 auda

416 1459 641 1834 W
678 1610 794 1728 cior,
831 1611 1066 1732 elatiorque
1089 1612 1352 1732 irruptiones·
1381 1637 1532 1702 eorum
1563 1632 1846 1724 contemnere,

679 1771 806 1870 atque
844 1773 1040 1872 tanquam
1066 1753 1274 1844 innocuos
1295 1751 1533 1860 latrantium
1559 1779 1719 1844 canum
1742 1756 1846 1869 ejula·

415 1911 487 1986 tus
512 1887 728 2008 despicere
754 1893 901 2010 coepit.
1012 1890 1109 1984 Nec
1132 1893 1246 1984 enim
1269 1893 1455 2006 animos,
1492 1917 1573 1981 nec
1594 1893 1747 2010 vires,
1783 1923 1845 1986 nec

417 2031 735 2126 multitudinem
769 2031 822 2123 iis
856 2029 940 2124 effe
971 2031 1234 2150 causabatur,
1283 2033 1433 2152 quibus
1464 2029 1607 2122 fecum
1640 2035 1689 2124 in
1727 2039 1843 2128 aciem

417 2171 619 2293 progredi
652 2173 868 2266 auderent.
977 2169 1057 2268 Ab
1086 2175 1154 2266 his
1183 2175 1326 2293 itaque
1352 2200 1524 2266 omnem
1560 2174 1669 2264 belii
1700 2181 1794 2268 vim
1815 2183 1843 2267 in

186 2325 394 2431 (amittanda
417 2341 548 2412 unum
573 2311 812 2406 Neldanum
848 2313 1179 2408 transferendam
1214 2333 1328 2406 ratus
1360 2314 1534 2406 comitia
1567 2317 1759 2410 univerfi
1788 2351 1842 2438 po

176 2413 279 2500 ΛΜ
418 2457 506 2576 puli
529 2455 580 2548 ad
604 2456 720 2547 diem
748 2477 911 2557 certum
935 2457 1103 2552 indixit.
1210 2453 1355 2550 Locus
1378 2457 1486 2546 vasta
1497 2485 1712 2570 agrorum
1738 2461 1841 2580 plani·

416 2599 501 2690 ties
519 2595 627 2714 fuit,
665 2596 733 2688 hic
759 2625 816 2690 ex
841 2585 1113 2690 eminentiori
1139 2597 1319 2716 quodam
1345 2593 1539 2688 subsellio
1558 2601 1763 2696 oratione
1786 2603 1841 2721 pri

416 2767 533 2832 mum
560 2735 706 2832 fucata
734 2739 964 2856 multisque
1000 2739 1227 2830 verborum
1248 2737 1477 2854 pigmentis
1501 2738 1605 2828 illita
1631 2740 1838 2834 circumfu·

412 2878 466 2974 sae
505 2881 724 2973 concionis
753 2899 964 2972 mercatus
983 2880 1172 2993 animos,
1209 2907 1313 2968 mox
1339 2876 1520 2994 superbo
1543 2876 1838 2976 sciscitaturci

413 3023 496 3114 lio:
532 3017 739 3112 Paremne
759 3019 840 3112 fuae
870 3019 1086 3111 adferrent
1106 3021 1371 3111 voluntatem
1397 3019 1448 3146 ad
1470 3019 1615 3136 patriae
1638 3022 1753 3116 fines
1772 3051 1840 3146 pro

413 3161 642 3277 serendos,
673 3162 724 3250 ad
756 3189 913 3252 nomen
940 3161 1251 3253 immortalitati
1288 3155 1683 3255 transcribendum?
1724 3163 1778 3258 Ei
1792 3162 1839 3252 rai

413 3323 561 3424 patere
600 3331 793 3420 campum
828 3299 1115 3422 ampliffimum
1139 3297 1490 3392 Wiss'ehradenfis
1514 3298 1716 3398 Ducatus
1746 3331 1838 3400 eaer-

414 3447 549 3538 fione:
588 3447 616 3538 n
652 3427 850 3538 dexteras
880 3447 953 3536 fibi
980 3443 1208 3560 jnngerent
1247 3437 1499 3534 effedturum
1530 3433 1687 3564 procul
1719 3449 1836 3554 dubio,

415 3609 464 3676 ut
490 3589 629 3700 ejecto
658 3587 710 3676 io
746 3589 921 3678 exilium
946 3583 1164 3702 Neklone,
1200 3613 1257 3674 cx
1279 3581 1608 3676 Wiiiehradenfi
1627 3584 1863 3684 Zatecenfrt

422 3753 505 3844 que
527 3717 588 3814 (a)
625 3755 731 3817 unus
753 3725 943 3820 Ducatus
968 3729 1157 3843 coalent,
1176 3725 1351 3843 ejusque
1375 3722 1534 3818 summa
1555 3755 1604 3816 ac
1632 3730 1840 3848 imperium

419 3864 503 3983 jam
528 3892 615 3954 non
638 3894 770 3982 penes
793 3864 1021 3982 Pragenfes
1042 3865 1115 3958 fed
1138 3863 1391 3958 Zatecenfes
1415 3867 1508 3960 fiet.
1592 3865 1721 3963 Nihil
1740 3875 1786 3963 ad
1805 3871 1840 3956 it·

424 4002 628 4099 citandam
663 4011 924 4125 popularium
943 4011 1222 4101 ambitionem
1247 4035 1296 4099 ea
1318 4009 1510 4100 oratione
1533 4013 1678 4126 potuit
1704 4009 1842 4132 profer·

294 4227 298 4232 .
423 4149 460 4242 ri
495 4145 734 4266 efficaciuS,
773 4149 819 4242 fc
850 4180 956 4244 vero
985 4151 1124 4242 omnis
1155 4151 1287 4243 altum
1320 4149 1631 4280 vociferabatur
1659 4155 1843 4276 populus:

1752 4297 1793 4386 δί
