3842 5018
290 261 293 268 .
652 306 874 390 Nartem
899 303 934 408 d.
1462 329 1508 408 at

68 463 291 572 ingeniante
307 464 399 542 hodic
415 488 538 574 qnoque
546 459 713 562 perdurat.
792 463 844 542 At
861 489 912 540 ox
927 479 1079 560 utreque
1094 454 1223 540 vetusti
1244 451 1405 538 authoris
1426 453 1511 555 vitu,

72 595 184 668 quam
213 567 329 644 adfert
346 563 594 643 Henscheuius
619 562 663 639 ad
689 591 725 660 9.
745 561 872 644 Martii
897 562 1010 664 liquet
1026 563 1058 644 S.
1077 561 1257 666 Cyrillum
1279 561 1351 640 hoc
1370 585 1511 648 nomen

71 669 235 771 primum
256 673 384 742 Roma.
398 667 506 768 paulo
521 677 602 743 ante
615 689 769 754 mortem
784 667 881 743 suam
899 662 1112 751 obtinuisse,
1140 660 1254 766 igitur
1276 661 1314 739 in
1340 660 1512 748 Moruvia

74 769 218 873 degens
235 767 354 842 adhuc
371 770 555 864 Constantini
569 791 708 845 nomen
725 769 838 868 geffit,
860 793 935 866 quo
953 762 1177 842 nominesub
1188 763 1391 842 allationem
1411 763 1512 842 Cor,
1625 865 1633 874 ¹

73 868 179 973 poris
197 869 229 946 S.
247 867 441 944 Clementis
457 871 611 946 Romam
628 867 746 945 adhuc
760 871 807 944 ab
822 865 1155 948 Anastasrocoaevo
1174 865 1334 944 refertur.
1390 865 1440 942 Ut
1457 888 1510 946 tae

76 991 181 1045 ceam
200 969 278 1062 Dan
296 993 342 1046 eo
358 993 433 1045 evo
448 995 527 1046 non
545 993 799 1070 quemcunque
815 965 1003 1045 dominum
1013 1026 1024 1062 ‚
1049 966 1111 1048 sed
1130 965 1302 1062 majorem
1317 989 1511 1048 termrum‹

75 1093 152 1168 que
169 1069 405 1172 gubernacula
426 1077 634 1154 traetantem
651 1068 760 1146 Slavis
784 1069 1016 1160 connotalle,
1043 1091 1081 1144 ut
1097 1064 1240 1172 pridem
1259 1067 1384 1144 seculo
1406 1069 1510 1170 supa

75 1169 177 1246 tiore
199 1168 392 1256 docuimus.
469 1175 521 1250 tlt
549 1197 632 1248 cum
655 1169 695 1246 in
719 1168 872 1247 nomine
895 1168 1027 1271 Cyrilli
1051 1176 1086 1246 δι
1112 1167 1297 1251 Methodii
1316 1167 1508 1258 versamur,

72 1296 154 1348 non
174 1269 350 1372 praeterire
367 1269 453 1348 libet
469 1270 584 1349 hodie
601 1297 620 1351 a
638 1269 745 1350 nobis
772 1273 893 1374 palstm
916 1271 1107 1348 vernacule
1126 1277 1233 1373 err'llt·
1249 1295 1387 1350 nomen
1405 1265 1508 1356 reddi

74 1397 142 1477 per
161 1373 249 1466 subt
264 1373 323 1448 seu
344 1349 507 1472 stultate„
534 1377 693 1450 Maludt't‘
717 1397 899 1474 veroper
916 1372 1103 1467 5trtbott·
1163 1369 1206 1448 ld
1223 1395 1342 1450 tamen
1356 1396 1435 1462 nou
1456 1371 1510 1448 set

74 1473 147 1550 mel
170 1473 315 1558 miratus
342 1474 417 1549 sum
442 1501 501 1552 me
518 1475 710 1566 haetenus,
737 1473 839 1575 quod
858 1472 1031 1566 memini,
1057 1495 1233 1574 nusquam
1252 1476 1325 1552 hoc
1339 1497 1510 1558 vernacu.

72 1577 145 1652 lum
162 1599 372 1677 prenomen
392 1573 431 1650 in
447 1573 571 1678 aliquo
587 1573 728 1654 vetusto
745 1583 985 1654 monumento
999 1573 1143 1678 legisse,
1168 1597 1300 1656 utnon
1318 1599 1510 1675 perperam

71 1703 115 1752 ex
136 1677 210 1752 hoc
227 1675 470 1790 argumentari
484 1675 588 1756 liceat
605 1668 694 1756 olim
714 1674 1198 1782 priscisquetemporibusC
1232 1679 1278 1749 illi
1295 1681 1331 1758 δι
1349 1677 1510 1760 Marandis

70 1775 347 1881 nomintjrlrter
371 1763 473 1854 fuisse
495 1803 514 1854 a
539 1776 731 1877 majoribus
759 1774 887 1856 nolitis
914 1778 1105 1856 vernacule
1130 1804 1168 1855 re
1197 1768 1292 1866 dita,
1318 1801 1388 1858 nec
1409 1773 1509 1859 enim

71 1876 246 1958 credibile
264 1902 412 1983 gentem
435 1878 592 1957 nostram
612 1879 875 1984 Apostolorum
899 1878 1043 1958 suorum
1067 1901 1288 1983 tantoopere
1316 1875 1418 1962 suilse
1440 1875 1510 1952 im,

71 2005 292 2072 memorem,
321 2003 358 2055 ut
375 1977 441 2056 subi
457 2007 536 2058 non
561 2007 710 2082 quoque
734 1982 778 2057 ab
806 1977 847 2056 iis
872 1980 1182 2081 quemadmodum
1207 1983 1252 2060 ab
1282 1977 1356 2056 aliis
1384 1977 1507 2056 sanetis
1589 2059 1596 2072 „

71 2079 292 2186 baptismalia
308 2080 458 2157 nomina
473 2079 671 2160 adsciverit.
746 2086 792 2160 Et
809 2107 1013 2184 quanquam
1031 2083 1076 2158 de
1102 2081 1233 2186 Cyrilli
1261 2079 1412 2166 nomine
1440 2079 1503 2156 mi·

73 2184 113 2260 hi
145 2180 241 2260 nibil
274 2180 435 2258 rellatum
464 2181 533 2276 fit,
574 2207 693 2262 tamen
726 2181 928 2286 suspicione
962 2205 1138 2288 perpetua
1171 2183 1332 2286 pulsabar
1364 2192 1506 2258 Gratata

74 2309 110 2364 m
124 2286 179 2362 seu
197 2291 370 2360 Hroznutae
384 2309 524 2360 nomen
541 2288 742 2368 Methudr'nm
766 2287 986 2378 corlnotare,
1014 2310 1082 2386 qua
1104 2281 1144 2360 in
1166 2311 1205 2364 re
1230 2311 1289 2361 me
1314 2281 1505 2366 confirma.

74 2385 127 2464 vit
142 2382 355 2474 Vincentius
373 2384 583 2463 Canonicus
601 2385 787 2490 Pragensn
813 2411 834 2463 a
863 2411 922 2463 me
951 2386 1043 2464 inter
1061 2389 1306 2462 Monumenra
1322 2382 1504 2466 Bobemia
1601 2415 1608 2426 ·

73 2487 240 2564 hactenus
258 2509 436 2585 nusquam
455 2485 549 2562 edita
575 2489 759 2590 vulgatus,
783 2511 852 2563 nec
878 2513 957 2564 non
981 2485 1178 2589 diplomata
1203 2485 1398 2590 quapiam,
1427 2511 1504 2584 qua

73 2587 111 2664 id
126 2583 356 2691 prenominis
375 2587 459 2664 loco
477 2585 671 2670 adhibent..
737 2583 898 2665 Eandem
918 2587 1127 2665 sementiam
1146 2611 1263 2664 tuetur
1280 2588 1505 2668 Nomenclu÷

73 2713 132 2766 tor
148 2685 398 2780 Budvicensrs,
424 2686 539 2788 quiin
556 2689 768 2806 Catlralogo
786 2687 858 2768 mr.
877 2687 1067 2768 nominum
1087 2711 1248 2788 veterum
1268 2687 1414 2764 suonam
1434 2691 1504 2772 Bor·
1605 2717 1611 2724 ·

72 2789 300 2869 hemicorum
319 2785 490 2883 bresnoto
506 2793 705 2866 Methudium
724 2815 990 2892 interpretatur,
1009 2813 1119 2892 quem
1137 2787 1318 2868 seemeris
1332 2786 1504 2890 legitimis

71 2891 258 2992 veteribus
273 2887 497 2968 doctunemis
514 2891 721 3006 congeffille
739 2916 927 2970 memorat.
1004 2893 1127 2970 Multo
1147 2915 1265 2968 tamen
1282 2885 1454 2982 maiorem
1468 2885 1503 2968 is

71 2993 179 3070 sidem
197 2991 386 3098 Catalogo
414 2991 477 3067 suo
501 2991 738 3086 conciliasset,
764 2991 791 3069 fi
818 2992 962 3072 finmvlis
992 2991 1184 3070 nontinum
1203 2986 1502 3106 explicationibus
1572 3031 1577 3040 ·

73 3091 348 3186 authoritatem,
375 3093 569 3194 locumque
595 3094 821 3172 monumenti
847 3063 1034 3191 adiecisset.
1111 3093 1154 3186 ld
1182 3091 1417 3176 nibilominus
1435 3085 1503 3186 juri

73 3200 110 3274 et
145 3191 237 3272 laudi
278 3191 450 3296 Catalogi
488 3191 593 3288 lntjus
642 3194 888 3299 Compilatori
907 3229 908 3232 ¹
929 3194 1192 3288 tribuendum,
1234 3193 1335 3295 qnod
1379 3191 1505 3270 adver,

72 3294 156 3373 saria
182 3321 281 3390 mea,
310 3321 385 3394 que
411 3291 555 3397 pridem
582 3291 628 3374 de
660 3295 853 3374 nominum
880 3293 1056 3393 ejustnodi
1091 3321 1255 3374 veterum
1289 3294 1383 3372 inter
1412 3317 1505 3370 retae

73 3394 172 3476 tione
196 3393 474 3486 adnotaveram,
501 3421 662 3476 accurate
685 3395 798 3475 relatis
822 3397 893 3491 eius
912 3396 1164 3502 respondeant.
1238 3323 1503 3480 Publicabimus

73 3522 161 3578 vero
186 3496 312 3598 aliquo
339 3519 660 3576 monumentorum
688 3497 895 3588 nostrorum
919 3491 1142 3578 ineditorum
1164 3521 1268 3574 tomo
1298 3495 1503 3580 fuliffimum

73 3595 243 3692 ejusmodi
261 3595 454 3678 nominum
473 3625 541 3701 pro
572 3597 709 3678 riorum
725 3599 947 3679 Slavicorum
965 3627 1046 3680 cum
1065 3598 1129 3675 litis
1150 3592 1502 3701 interpretationibus

73 3699 265 3802 syllabam,
282 3725 394 3800 quem
414 3627 614 3778 incredibili
632 3697 798 3778 industria
818 3729 861 3778 ex
877 3699 982 3778 variis
1001 3699 1083 3780 ΜΠ.
1098 3703 1276 3804 preloque
1301 3695 1392 3780 datis·
1404 3695 1502 3783 libris

32 3803 42 3824 ‘
71 3797 299 3879 concinnavit
317 3798 532 3877 Clarissimus
549 3803 598 3884 D.
618 3805 772 3895 ¹loannes
791 3803 935 3883 Clauser
954 3801 1186 3884 Archivarius
1203 3799 1350 3906 Regius,

204 3899 273 3978 Sed
293 3901 482 4006 praemillis,
499 3929 575 4002 quae
594 3901 640 3984 de
657 3903 808 3986 normae
823 3909 855 3986 S.
873 3905 1003 3996 Cvrilli
1023 3905 1131 3982 dubia
1148 3927 1266 3995 erant,
1291 3901 1418 3994 adeius
1436 3927 1505 4017 get

73 3996 301 4081 slaredimuu.
355 4005 495 4080 anaor
515 4003 634 4103 itaque
652 4005 741 4085 Vita
759 4011 814 4084 SS.
835 3996 1226 4110 cyr'illiantemodii
1245 4003 1290 4087 de
1307 4007 1341 4092 S,
1359 4005 1503 4106 Cynllo
1518 4013 1647 4089 Adanu,
1661 4008 1736 4078 Bor(
1789 3945 1803 3972 Ι

74 4119 204 4180 narrat:
230 4107 349 4180 Eodem
374 4125 507 4203 tempore
526 4109 573 4180 ad
586 4113 755 4210 prefatum
773 4119 995 4210 ltttptrntnrtm
1011 4107 1262 4208 (michaelem)
1288 4119 1322 4188 in
1338 4108 1503 4204 fflrtjluntie
1512 4101 1583 4161 ²⁰⁸3·
1595 4101 1631 4159 Μ
1638 4117 1669 4176 9·
1717 4161 1721 4174 s

1474 4211 1501 4278 s.-
1512 4184 1622 4246 Martii
1631 4199 1664 4272 p·
1676 4183 1732 4250 22.

74 4209 169 4303 napoli
182 4227 333 4286 venetum
352 4211 547 4286 Getulorum
569 4212 661 4313 legati
683 4208 900 4314 applicantes,
928 4235 1078 4320 patenas
1094 4215 1279 4320 deptaretur
1297 4214 1472 4318 aliquante

1376 4329 1452 4378 rum
1468 4331 1472 4338 ·
